2919 3849
1499 288 1529 315 Q

1167 381 1220 384 ..,
1279 379 1367 382 .-—
1446 359 1503 403 12
1578 381 1680 384 affl*-
1699 382 1719 384 -,
1760 381 1778 384 -

546 494 626 535 das
642 506 733 535 esse
755 492 862 534 dixit
883 493 940 546 (5,
950 495 996 553 ἱ3,
1006 494 1044 534 8.
1057 495 1091 543 5,
1101 495 1138 541 4,
1156 492 1237 544 10),
1254 493 1406 544 postea
1419 503 1569 531 rursus
1578 491 1636 545 (5,
1648 494 1685 541 7,
1699 491 1771 545 21)
1784 490 2015 545 separatim
2028 489 2166 544 legem
2180 489 2395 544 agrariam

547 571 668 614 Lucii
697 570 1024 613 rescindendam
1046 583 1139 612 esse
1160 568 1273 611 dicit.
1319 567 1409 610 Nec
1427 567 1621 622 profecto
1644 569 1800 617 omnia,
1822 582 1931 623 quae
1949 569 1994 610 in
2024 580 2072 609 re
2092 568 2264 623 agraria
2283 581 2396 610 anno

549 653 630 692 710
660 664 701 692 u.
733 664 767 692 c.
800 649 915 691 facta
954 650 1361 696 commemorantur,
1399 646 1456 688 ad
1486 646 1623 700 legem
1654 647 1774 689 Lucii
1814 647 1967 690 referri
2003 660 2127 701 posse
2167 647 2265 689 inde
2296 661 2394 689 con·

547 728 719 769 cludere
749 727 861 777 licet,
893 726 1009 780 quod
1038 739 1240 779 agrorum
1270 725 1593 778 assignationes,
1624 738 1734 779 quae
1765 739 1819 767 ex
1847 726 1941 779 lege
1971 725 2089 766 Lucii
2120 724 2261 769 factae
2281 729 2393 776 sunt,
2456 733 2460 738 '

547 806 698 848 Italiae
727 805 883 847 finibus
915 803 1261 857 circumscriptae
1292 806 1426 846 erant.
1485 802 1696 857 Quicquid
1726 803 1834 845 enim
1869 802 2018 845 Cicero
2049 801 2103 844 ad
2132 815 2396 858 exaggeran-

548 886 646 926 dum
679 884 825 927 odium
865 883 973 936 legis
1010 883 1205 936 agrariae
1242 882 1361 924 Lucii
1398 881 1512 932 dicit,
1549 895 1602 923 ex
1637 896 1723 935 qua
1757 882 1938 936 paludes
1979 880 2242 935 Pomptinas,
2286 895 2395 936 quas

552 964 712 1005 Caesar
743 962 906 1005 siccare
936 961 1133 1003 voluerat
1164 959 1298 1016 (Suet.
1334 959 1454 1003 Caes.
1486 963 1552 1002 44.
1583 958 1663 1001 Dio
1698 959 1816 1005 Cass,
1848 964 1915 1013 44,
1948 964 1985 1004 5.
2016 959 2128 1002 Plut.
2155 958 2274 1001 Caes.
2309 959 2394 1016 58),

551 1040 834 1097 assignationi
864 1039 1100 1082 destinatas
1146 1038 1250 1096 (Cic.
1281 1038 1387 1080 Phil.
1420 1042 1457 1088 5,
1490 1041 1526 1089 3,
1562 1041 1600 1079 7.
1630 1038 1710 1080 Dio
1743 1038 1860 1082 Cass.
1891 1043 1957 1091 45,
1988 1038 2048 1095 9),
2079 1037 2319 1081 Semurium
2351 1039 2395 1080 in

548 1120 703 1162 vicinia
743 1119 862 1161 urbis
891 1118 1052 1160 Romae
1090 1119 1219 1160 situm
1250 1118 1428 1159 divisum
1459 1117 1564 1170 (Cic.
1593 1117 1700 1160 Phil.
1732 1121 1769 1169 6,
1801 1123 1838 1171 5,
1872 1118 1957 1174 14),
1988 1130 2116 1172 agros
2145 1117 2188 1158 in
2219 1117 2397 1160 Etruria

549 1199 673 1238 datos
696 1198 938 1250 assignatos
959 1198 1064 1250 (Cic.
1082 1198 1189 1238 Phil.
1204 1200 1266 1247 12,
1287 1201 1325 1245 9,
1349 1199 1431 1246 23),
1463 1196 1648 1238 urbanas
1669 1211 1836 1249 quoque
1856 1195 2148 1250 possessiones
2185 1194 2394 1249 quasdam

529 1279 589 1317 ·in
631 1278 725 1330 ipsa
761 1276 880 1318 Urbe
916 1279 959 1317 in
1000 1277 1233 1330 periculum
1271 1276 1447 1317 adactas
1490 1274 1593 1329 (Cic.
1631 1274 1737 1316 Phil.
1771 1280 1806 1326 5,
1839 1280 1875 1324 7,
1908 1278 1973 1319 20.
2025 1277 2090 1327 13,
2128 1277 2189 1324 18,
2224 1276 2298 1326 37;
2341 1273 2393 1318 cf.

549 1360 586 1404 8,
618 1360 659 1405 3,
692 1358 735 1406 9)
775 1368 865 1396 esse
902 1356 1077 1405 scimus,
1128 1369 1338 1408 nusquam
1368 1353 1534 1407 longius
1570 1353 1864 1409 progreditur,
1904 1367 2031 1408 quam
2065 1356 2115 1395 ut
2150 1353 2394 1396 universam

547 1433 719 1476 Italiam
751 1433 1021 1476 dividendam
1052 1433 1266 1488 accepisse
1299 1437 1340 1473 et
1370 1432 1602 1474 divisurum
1642 1431 1772 1475 fuisse
1812 1431 1987 1475 Lucium
2027 1431 2153 1476 dicat.
2214 1431 2275 1475 Cf.
2308 1431 2395 1487 Cic.-

550 1512 656 1554 Phil.
690 1516 730 1564 5,
764 1516 800 1564 3,
837 1518 878 1555 7:
920 1515 980 1556 hic
1018 1529 1171 1556 omnem
1210 1514 1374 1554 Italiam
1412 1511 1614 1553 moderato
1650 1513 1803 1553 homini
1837 1513 1889 1554 L.
1921 1513 2104 1554 Antonio
2142 1512 2395 1555 dioedmdam

551 1593 671 1634 dedic.
708 1594 772 1642 11,
806 1594 843 1641 6,
878 1594 946 1633 13;
978 1592 1182 1634 Nuculam
1209 1600 1246 1633 et
1275 1592 1490 1633 Lentonem
1520 1590 1662 1632 Italiae
1691 1591 1879 1634 divisores
1892 1571 1977 1647 leye
1999 1607 2055 1640 ea,
2085 1606 2206 1646 quam
2237 1599 2394 1634 senatus

545 1687 620 1725 per
640 1674 721 1711 vim
743 1672 871 1712 latam
900 1672 1093 1712 iudicavit
1152 1670 1280 1724 Atqui
1311 1670 1504 1712 Marcum
1523 1669 1733 1712 audimus
1763 1673 1935 1724 praeter
1955 1665 2104 1724 agrum
2126 1668 2393 1724 Campanum

550 1749 678 1790 etiam
711 1762 857 1802 agrum
891 1748 1147 1790 Leontinum
1178 1749 1221 1790 in
1249 1747 1389 1790 insula
1420 1747 1563 1790 Sicilia
1593 1747 1719 1789 situm
1751 1747 1923 1790 asseclis
1954 1747 2042 1789 suis
2074 1746 2267 1791 divisisse
2290 1747 2395 1804 (Cic.

552 1827 656 1868 Phil.
691 1830 728 1876 2,
764 1830 828 1875 17,
860 1830 926 1868 43.
958 1830 994 1877 2,
1028 1830 1092 1877 39,
1127 1827 1219 1868 101.
1252 1829 1287 1878 8,
1323 1830 1359 1875 8,
1391 1829 1443 1868 25
1476 1840 1538 1880 sq.
1573 1830 1610 1877 3,
1643 1830 1679 1876 9,
1714 1828 1778 1867 22.
1812 1825 1898 1869 DiO'
1924 1825 1968 1868 C.
1999 1830 2067 1877 45,
2100 1828 2164 1869 30.
2197 1830 2265 1878 46,
2299 1829 2354 1881 8).

662 1906 760 1948 Iure
798 1906 928 1960 igitur
958 1905 1117 1960 optimo
1148 1908 1339 1948 statuere
1371 1905 1494 1949 nobis
1526 1905 1716 1948 videmur
1752 1905 1858 1948 duas
1896 1904 2013 1960 leges
2053 1904 2107 1948 ad
2143 1919 2233 1949 rem
2274 1920 2395 1962 agra-

548 1985 655 2027 riam
707 1989 950 2040 spectantes
995 1997 1105 2027 anno
1153 1987 1235 2027 710
1272 1999 1311 2028 u.
1355 1998 1391 2026 c.
1438 1984 1551 2028 latas
1596 1997 1711 2035 esse,
1756 1983 1893 2040 legem
1941 1985 2155 2040 agrariam
2198 1998 2225 2027 a
2261 1985 2395 2028 Lucio

549 2064 731 2106 Antonio
769 2063 941 2106 tribuno
971 2063 1028 2118 pl.
1073 2067 1114 2105 et
1158 2063 1295 2118 legem
1340 2063 1393 2106 dc
1438 2063 1599 2105 colonis
1630 2064 1673 2105 in
1718 2077 1843 2119 agros
1889 2063 2147 2106 deducendis
2192 2078 2219 2106 a
2248 2064 2395 2108 Marco

550 2144 733 2185 Antonio
774 2143 957 2186 consule.
1024 2144 1085 2185 Ac
1135 2142 1456 2198 distinguendas
1504 2155 1598 2184 esse
1637 2142 1717 2185 has
1755 2142 1865 2185 duas
1912 2143 2027 2197 leges
2063 2143 2229 2185 duobus
2272 2144 2393 2186 testi-

549 2222 700 2265 moniis
732 2223 879 2277 eisque
909 2222 1042 2277 ipsius
1073 2223 1208 2264 Marci
1238 2221 1409 2263 Antonii
1438 2220 1655 2275 probatur,
1695 2235 1806 2276 quae
1838 2227 1882 2264 et
1910 2223 2006 2277 ipsa
2035 2222 2176 2264 adhuc
2215 2234 2392 2278 prorsus

548 2301 743 2355 neglecta
776 2305 885 2344 sunt.
947 2300 988 2342 Is
1019 2300 1129 2343 enim
1159 2300 1202 2341 in
1233 2300 1458 2351 mandatis,
1491 2312 1599 2354 quae
1630 2300 1785 2354 legatis
1818 2304 1990 2342 senatus
2021 2314 2166 2342 mense
2187 2302 2392 2344 Ianuario

546 2380 643 2420 anni
677 2382 754 2420 711
790 2393 829 2423 u.
862 2392 895 2420 c.
929 2378 1117 2430 dederat,
1149 2379 1201 2422 de
1232 2378 1386 2433 quibus
1419 2378 1567 2421 Cicero
1597 2378 1640 2419 in
1667 2377 1903 2433 Philippica
1924 2382 2088 2431 octava,
2120 2394 2247 2435 quam
2270 2380 2392 2423 initio

545 2464 698 2498 mensis
730 2459 953 2499 Februarii
982 2459 1026 2499 in
1057 2463 1207 2500 senatu
1236 2458 1401 2507 habuit,
1434 2458 1533 2510 egit,
1565 2458 1676 2499 inter
1705 2457 1791 2500 alia
1819 2458 2013 2511 postulat
2044 2459 2108 2511 (8,
2140 2463 2178 2511 8,
2211 2458 2301 2514 25):
2339 2469 2390 2512 ut,

544 2553 643 2594 quos
672 2541 755 2595 ipse
792 2554 880 2579 cum
921 2539 1134 2580 Dolabella
1177 2540 1323 2579 dederit
1365 2554 1496 2593 aqros,
1533 2546 1685 2578 teneant
1720 2539 1766 2585 ei,
1804 2539 1945 2594 quibus
1984 2538 2068 2580 dati
2103 2540 2192 2579 sint.
2262 2536 2391 2580 Cuius

542 2618 746 2673 postulati
779 2617 1022 2672 explicandi
1052 2631 1179 2661 causa
1210 2617 1360 2660 Cicero
1390 2617 1530 2659 addit:
1561 2618 1621 2658 hic
1650 2626 1702 2659 est
1727 2616 1954 2674 Campanus
1983 2634 2076 2674 ayer
2105 2627 2139 2660 et
2159 2618 2389 2669 Leontinus,

543 2713 642 2752 quae
683 2699 762 2740 duo
799 2700 976 2740 maiores
1012 2700 1140 2740 nostri
1175 2713 1355 2739 annonae
1391 2698 1578 2753 perfuqia
1615 2698 1817 2739 ducebant.
1883 2698 2049 2739 Deinde
2088 2698 2254 2740 duobus
2292 2699 2389 2740 aliis

544 2776 773 2831 postulatis
825 2777 1059 2820 interiectis
1114 2777 1304 2832 postulat
1350 2775 1408 2832 (8,
1442 2780 1479 2827 9,
1512 2775 1603 2833 26):
1648 2791 1697 2818 ne
1734 2777 1883 2832 fraudi
1922 2779 1971 2819 eit
2011 2779 2249 2834 septemm‘vis
2284 2781 2393 2835 quod

542 2858 702 2913 egissent
732 2855 803 2912 (cf.
837 2859 900 2907 13,
935 2858 1000 2908 18,
1034 2858 1118 2911 37).
1176 2857 1368 2911 Apparet
1397 2855 1528 2910 igitur
1557 2854 1763 2910 distingui
1790 2854 1845 2898 ab
1865 2856 1957 2912 ipso
1978 2855 2034 2898 M.
2057 2856 2240 2898 Antonio
2261 2871 2388 2912 agros

542 2935 583 2976 in
616 2934 834 2988 Campano
876 2947 982 2988 agro
1013 2938 1056 2976 et
1093 2933 1301 2974 Leontino
1344 2933 1470 2975 datos
1509 2938 1551 2974 et
1587 2938 1686 2975 acta
1721 2936 2033 2988 septemvirum.
2100 2935 2387 2987 Septemviros

542 3017 697 3061 autem,
743 3013 786 3054 in
833 3027 1014 3067 quorum
1059 3026 1237 3054 numero
1281 3011 1409 3052 etiam
1454 3012 1649 3053 consules
1697 3015 1821 3053 erant
1865 3012 1967 3066 (Cic.
2003 3012 2110 3053 Phil.
2153 3017 2190 3062 5,
2226 3017 2286 3062 12,
2321 3018 2386 3055 33.
