2919 3849
1418 345 1475 389 17

642 478 817 517 Honoris
847 490 963 517 causa
989 490 1035 518 eo
1060 490 1163 518 anno
1194 480 1375 519 doctores
1401 478 1676 531 philosophiae
1704 484 1745 517 et
1764 476 1907 516 artium
1931 475 2158 515 liberalium
2187 472 2367 524 magistri

523 535 649 574 creati
668 538 780 573 sunt:

1187 593 1260 631 Vir
1286 605 1437 631 summe
1463 594 1704 630 reverendus

1016 648 1273 689 IOSEPHUS
1300 647 1571 689 HUBERTUS
1602 646 1876 692 ΒΕΙΝΚΕΝΒ,

540 703 896 754 Aquisgranensis‚
928 704 1151 755 theologiae
1185 706 1344 753 doctor,
1376 703 1566 744 historiae
1601 703 1890 743 ecclesiasticae
1922 700 1965 740 in
1998 699 2219 739 venerabili
2245 700 2368 739 theol.

643 761 783 799 cathol.
806 761 945 799 ordine
965 762 1240 801 universitatis
1260 757 1585 800 Vratislaviensis
1605 760 1805 811 professor
1824 758 2007 808 publicus
2029 757 2256 795 ordinarius

1428 822 1470 856 et

922 887 925 889 ·
1134 919 1145 926 ⁸
1257 873 1325 912 Vir
1344 872 1642 913 illustrissimus

963 930 1195 969 IOANNES
1215 930 1483 969 HENRIOUS
1505 928 1755 968 AEMILIUS
1776 927 1936 966 HEITZ

699 986 742 1023 in
762 988 964 1036 gymnasio
985 991 1026 1025 et
1046 988 1089 1025 in
1110 987 1322 1025 seminario
1344 990 1508 1035 protest.
1530 999 1564 1024 a.
1585 998 1618 1023 c.
1639 984 1966 1032 argentoratensi
1986 984 2197 1033 professor.

646 1097 873 1149 Sequuntur
893 1098 1051 1136 nomina
1072 1111 1219 1143 eorum,
1243 1097 1313 1149 qui
1327 1100 1470 1148 rogatu
1485 1110 1556 1136 suo
1578 1097 1784 1146 explorata
1802 1096 2046 1147 probataque
2067 1092 2263 1142 dignitate
2286 1093 2375 1131 doc-

529 1157 638 1191 tores
673 1154 947 1204 philosophiae
975 1159 1015 1193 et
1042 1155 1189 1192 artium
1215 1154 1443 1192 liberalium
1471 1154 1650 1201 magistri
1676 1152 1799 1191 creati
1827 1155 1937 1198 sunt,
1977 1151 2194 1189 secundum
2221 1153 2377 1197 tempus

529 1208 744 1248 creationis
765 1214 1001 1258 enumerata,
1043 1209 1209 1249 adiectis
1229 1209 1361 1249 titulis
1381 1208 1708 1250 dissertationum
1727 1206 2040 1258 inauguralium,
2080 1207 2225 1257 quibus
2247 1204 2380 1245 ordini

532 1265 856 1318 philosophorum
877 1268 1096 1306 doctrinam
1108 1279 1219 1306 suam
1238 1268 1522 1318 probaverunt.

535 1401 571 1448 I.
645 1402 851 1461 Georgio
901 1402 1048 1462 Voigt
1110 1403 1483 1461 procancellario
1542 1414 1740 1449 examen
1794 1405 2141 1462 superaverunt
2203 1398 2380 1447 Ioanne

727 1475 885 1516 autem
922 1468 1167 1517 Overbeck
1204 1470 1574 1529 procancellario
1614 1470 1833 1516 doctores
1872 1469 2021 1516 creati
2057 1472 2185 1516 sunt:

565 1586 600 1622 1.
647 1585 685 1622 d.
716 1583 752 1621 5.
784 1597 905 1621 mens.
938 1584 1035 1621 Maii
1055 1597 1091 1621 a.
1111 1583 1242 1621 LXX:
1281 1584 1561 1623 EDUARDUS
1590 1583 1936 1630 ARMSTRONG,
1976 1582 2308 1621 Lewishamensis
2334 1593 2385 1618 ex

650 1639 812 1688 Anglia,
835 1639 946 1677 cand.
971 1641 1108 1686 chem„
1128 1640 1277 1678 tradita
1300 1640 1580 1679 dissertatione
1601 1652 1701 1690 quae
1721 1638 1977 1678 inscribitur:
2019 1638 2124 1685 „Zur
2145 1637 2381 1676 Geschichte

646 1698 715 1735 des
755 1695 1349 1747 Schwefelsaure-Anhydrids‚
1389 1697 1499 1735 seine
1542 1696 1804 1745 Einwirkung
1840 1695 1911 1734 auf
1940 1695 2071 1744 einige
2111 1694 2253 1733 Chlor·
2299 1695 2379 1732 und

649 1752 1169 1802 Schwefelverbindungen“
1191 1758 1231 1790 et
1252 1752 1432 1791 examine
1453 1754 1489 1791 d.
1517 1752 1579 1789 17.
1604 1765 1727 1791 mens.
1751 1752 1868 1789 Mart.
1890 1757 2087 1802 superato.

561 1808 600 1845 2.
647 1810 686 1846 d.
720 1808 781 1846 14.
812 1821 932 1847 mens.
962 1808 1075 1845 Maii:
1116 1807 1340 1847 IACOBUS
1370 1808 1674 1848 LEOPOLDUS
1705 1808 2006 1852 AUERBACH,
2047 1806 2382 1849 Vratislaviensis,

647 1865 754 1907 stud.
775 1877 850 1903 rer.
866 1860 1072 1910 Iudaicam,
1092 1864 1201 1903 edito
1223 1864 1326 1903 libro
1345 1876 1382 1915 q.
1398 1864 1444 1904 i.:
1465 1864 1642 1912 „Umriss
1656 1865 1729 1903 der
1740 1863 2293 1913 Entwickelungsgeschichte
2315 1863 2384 1900 des

643 1922 857 1971 jiidischen
885 1922 1041 1960 Rechts.
1090 1921 1190 1959 Eine
1216 1921 1446 1970 Einleitung
1466 1921 1509 1959 in
1536 1923 1610 1959 das
1632 1921 1817 1970 jiidische
1839 1920 2115 1959 Privatrecht“
2136 1925 2176 1958 et
2201 1919 2383 1958 examine

650 1981 688 2015 d.
711 1979 749 2015 4.
771 1990 892 2015 mens.
915 1978 1012 2015 Maii
1034 1984 1229 2027 superato.

560 2033 602 2072 3.
652 2035 690 2071 d.
713 2033 750 2071 7.
771 2046 892 2071 mens.
916 2034 1021 2070 Iun.:
1044 2032 1323 2072 EDUARDUS
1346 2033 1607 2072 HENRICUS
1626 2033 1921 2072 WERNERUS
1938 2033 2230 2078 BIRNBAUM,
2255 2033 2385 2070 Stadt-

650 2089 1016 2137 olberndoffiensis,
1057 2089 1213 2129 scholae
1243 2089 1471 2139 agricolaris
1506 2089 1719 2129 Cliviensis
1748 2094 1998 2140 praeceptor,
2029 2091 2130 2128 trad.
2160 2089 2256 2129 diss.
2276 2102 2312 2139 q.
2334 2088 2383 2127 i.:

649 2147 777 2193 „Eine
797 2146 1067 2184 Moorcultur“
1097 2149 1139 2183 et
1158 2146 1338 2184 examine
1362 2147 1401 2183 d.
1423 2147 1488 2183 21.
1510 2159 1635 2184 mens.
1657 2146 1783 2196 April.
1804 2151 2005 2197 superat0.

562 2202 602 2241 4.
651 2204 688 2240 d.
713 2204 750 2240 8.
773 2215 895 2241 mens,
915 2199 1003 2240 Iun.
1024 2202 1290 2240 HENRICUS
1312 2202 1541 2240 OSCARUS
1564 2203 1716 2246 LENz,
1746 2203 1987 2253 Lipsiensis,
2020 2204 2127 2240 stud.
2148 2214 2223 2240 rer.
2246 2206 2385 2246 natur„

649 2259 760 2299 trad.¹
780 2258 875 2296 diss.
898 2271 934 2308 q.
955 2258 999 2295 i.:
1041 2258 1197 2304 „Ueber
1223 2258 1292 2296 das
1321 2257 1531 2297 Austreten
1555 2258 1821 2307 jurassischer
1848 2258 2018 2297 Gebilde
2047 2259 2090 2296 in
2118 2258 2321 2297 Bohmen“
2350 2263 2390 2295 et

649 2314 828 2353 examine
848 2315 886 2354 d.
911 2313 973 2352 11.
997 2327 1117 2352 mens.
1138 2315 1252 2352 Mart.
1276 2317 1316 2353 et
1336 2316 1374 2352 d.
1399 2314 1463 2353 10.
1488 2327 1610 2354 mens.
1630 2315 1730 2353 Maii
1751 2321 1950 2366 superato.

561 2371 603 2409 5.
651 2373 688 2409 d.
716 2371 782 2409 25.
813 2384 934 2409 mens.
962 2372 1068 2409 Iun.:
1111 2371 1348 2410 CAROLUS
1379 2371 1650 2412 AUGUSTUS
1679 2373 1897 2419 KALICH,
1936 2372 2238 2416 Leutwicensis,
2278 2371 2388 2409 caud.

648 2428 790 2473 the01.,
813 2428 913 2466 trad.
934 2427 1029 2466 diss.
1053 2441 1088 2477 q.
1110 2427 1156 2466 i.:
1184 2427 1361 2474 ,‚Cantii,
1385 2428 1639 2477 Schellingii‚
1659 2429 1808 2467 Fichtii
1828 2430 1878 2467 de
1900 2428 1984 2478 filio
2007 2429 2145 2467 divino
2168 2426 2390 2467 sententia⁴‘

649 2488 689 2522 et
709 2484 889 2522 examine
911 2485 950 2523 d.
973 2485 1010 2522 8.
1033 2496 1155 2523 mens.
1176 2484 1303 2533 April.
1326 2488 1524 2535 superato.

563 2540 602 2578 6.
653 2542 691 2578 d.
719 2541 782 2577 18.
806 2553 928 2578 mens.
948 2540 1048 2580 Iul.:
1093 2541 1323 2578 IOANNES
1345 2541 1609 2582 GEORGIUS
1630 2541 1871 2589 MEYNDT,
1905 2543 2222 2593 Transsylvanus
2255 2555 2275 2579 e
2303 2542 2390 2579 vieo

648 2596 886 2643 Birthaelm,
928 2597 1033 2635 stud.
1063 2596 1184 2635 theol.
1213 2602 1251 2635 et
1273 2597 1379 2641 hist„
1409 2599 1510 2636 trad.
1533 2598 1630 2638 diss.
1654 2611 1692 2648 q.
1714 2598 1765 2638 i.:
1805 2599 1973 2645 „Kaiser
1995 2598 2189 2637 Heinrich
2209 2599 2284 2637 111.
2309 2599 2389 2636 und

652 2652 784 2700 Konig
805 2653 982 2690 Andreas
1004 2653 1034 2690 Ι.
1082 2653 1265 2702 Beitriige
1284 2666 1356 2691 zur
1377 2653 1614 2693 Geschichte
1636 2656 1706 2693 der
1727 2654 1879 2693 alteren
1892 2656 2173 2703 Beziehungen
2192 2655 2388 2693 zwischeu

652 2709 924 2746 Deutschland
947 2711 1027 2746 und
1050 2709 1232 2757 Ungarn“
1253 2713 1294 2748 et
1314 2711 1495 2749 examine
1516 2712 1555 2748 d.
1577 2712 1645 2749 30.
1666 2724 1789 2749 mens.
1814 2712 1939 2761 April.
1960 2717 2159 2763 superato.

563 2766 603 2803 7.
652 2766 691 2803 d.
715 2763 781 2803 21.
805 2777 928 2804 mens.
949 2760 1049 2803 Iul.:
1077 2765 1406 2805 FRANCISCUS
1430 2767 1683 2807 AEMILIUS
1704 2768 2012 2816 IUNGMANN,
2044 2769 2381 2818 Sangerhuwnus,

650 2823 753 2860 stud.
783 2822 935 2873 philol„
962 2823 1064 2861 trad.
1088 2823 1185 2861 diss.
1213 2836 1249 2874 q.
1281 2823 1327 2861 i.:
1356 2823 1671 2871 „Quaestionum
1693 2825 2043 2873 Fulgentianarum
2065 2826 2193 2876 capita
2215 2825 2321 2863 duo“
2343 2832 2382 2862 et

651 2879 830 2916 examine
852 2881 887 2916 d.
912 2878 975 2917 13.
998 2892 1120 2917 mens.
1142 2880 1323 2918 Decemb.
1345 2893 1379 2917 a.
1400 2881 1538 2918 LXIX
1558 2886 1754 2930 superato.
2384 2893 2396 2897 ·

562 2934 605 2973 8.
652 2935 689 2974 d.
720 2936 784 2974 22.
817 2950 938 2975 mens.
974 2935 1071 2975 Iul.:
1116 2936 1265 2976 WOLF
1292 2937 1585 2977 GUILELMUS
1614 2938 1932 2978 FRIDERICUS
1964 2939 2133 2978 COMES
2164 2939 2233 2977 DE
2264 2940 2389 2978 ΒΑΗ-

652 2991 845 3037 DISSIN,
877 2993 1064 3031 Holsatus
1094 3006 1115 3031 e
1137 2993 1233 3032 villa
1254 2993 1521 3045 Sophienhof,
1555 2995 1660 3033 stud.
1681 2994 1821 3042 theol..
1851 2996 1951 3033 trad.
1975 2995 2072 3034 diss.
2097 3009 2131 3046 q.
2156 2995 2186 3034 i:
2221 2995 2371 3043 „Trans

2087 3065 2105 3092 ὀ
