2919 3849
1201 376 1264 377 A
1336 375 1355 378 ,-
1428 356 1454 399 5
1526 364 1727 380 ,βψ-,Α

522 488 767 528 czceronem
817 484 1027 528 dicentem
1062 485 1201 541 fingit:
1253 483 1554 540 ἕβεβαιώσατε
1597 484 1746 530 πάντα
1784 483 1839 530 τὰ
1887 483 2121 530 δοθέντα
2161 484 2253 530 τισὶ
2293 482 2368 529 καὶ

523 563 962 623 νομοθετηθέντα
1019 564 1135 625 πρὸς
1182 566 1262 610 τοῦ
1307 562 1539 625 Καίσαρος
1591 558 1671 620 οὐχ
1710 560 1772 618 ὥς
1819 564 1966 617 καλῶς
2012 564 2160 609 πάντα
2211 560 2367 620 ἔχοντα

522 642 715 697 (πολλοῦ
744 658 792 701 γε
820 642 895 687 καὶ
924 644 1020 701 δεῖ),
1052 639 1148 687 ἀλλ’
1181 642 1252 688 ὅτι
1277 644 1418 705 μηδὲν
1450 641 1594 688 αὐτῶν
1622 646 1975 703 μετακινηθῆναι
2002 645 2253 701 συνέφερεν.

634 723 693 763 At
713 723 870 764 dixerit
896 724 1081 767 fortasse
1109 725 1320 779 quispiam
1351 725 1432 774 τὰς
1451 723 1584 777 τιμὰς
1611 724 1687 766 καὶ
1714 722 1795 774 τὰς
1824 718 1978 778 ἀρχάς,
2010 721 2144 773 ὅσας
2171 720 2367 776 ἔλαβον

523 817 555 843 π
568 795 643 858 αρ’
675 795 856 854 αὐτοῦ,
887 802 1017 846 etiam
1037 816 1110 846 eas
1129 803 1320 858 intellegi
1340 816 1479 857 posse,
1509 817 1618 856 quas
1640 803 1801 844 Caesar
1820 802 1863 842 in
1883 802 2204 845 commentariis
2226 816 2271 844 se
2294 803 2366 843 da·

522 886 663 922 turum
685 894 778 922 esse
798 881 1039 936 scripserat,
1060 895 1195 937 eaque
1207 883 1392 937 Appiani
1412 882 1627 923 sententia
1647 881 1816 922 videtur
1837 880 1984 931 fuisse,
2003 881 2074 934 qui
2098 894 2194 922 cum
2212 881 2367 922 Caesa-

521 972 611 1000 rem
632 972 742 1001 anno
760 961 840 1001 709
855 973 895 1001 u.
911 972 944 1003 c.
965 960 1009 1002 in
1029 960 1364 1016 quinquennium
1379 959 1660 1014 magistratus
1679 958 1925 1012 designasse
1939 963 2088 1000 narrat
2109 959 2260 1013 (b.c.2,
2275 963 2365 1002 128.

525 1040 635 1089 138),
649 1040 738 1079 tum
755 1041 855 1092 post
870 1037 1065 1081 Caesaris
1081 1043 1260 1083 mortem
1278 1053 1351 1083 eos
1369 1052 1423 1081 ex
1439 1037 1757 1080 commentariis
1772 1050 1800 1077 a
1819 1040 1972 1079 senatu
1987 1036 2259 1079 confirmatos
2275 1052 2368 1081 esse

521 1117 627 1159 dicit
648 1115 753 1174 (b.c.
768 1120 805 1169 4,
825 1118 935 1173 132).
972 1117 1055 1161 Sed
1071 1121 1121 1161 ut
1135 1118 1326 1161 omittam
1335 1118 1575 1174 Appianum
1599 1116 1932 1172 quinquennium
1954 1115 2063 1158 falso
2084 1130 2161 1170 pro
2183 1116 2367 1159 triennio

519 1198 633 1252 (710.
652 1199 745 1240 711.
764 1199 842 1240 712
856 1211 896 1240 u.
915 1197 970 1252 c.)
992 1197 1146 1251 dicere,
1177 1202 1294 1242 certe
1314 1211 1399 1242 non
1418 1199 1513 1255 ipso
1532 1197 1606 1240 illo
1628 1195 2016 1250 senatusconsulto,
2048 1195 2162 1251 quod
2186 1197 2231 1239 in
2261 1197 2367 1240 aede

520 1276 702 1320 Telluris
732 1276 893 1319 factum
925 1280 1000 1328 est,
1031 1278 1320 1332 magistratus,
1352 1291 1458 1333 quos
1480 1276 1641 1320 Caesar
1670 1277 1714 1318 in
1746 1276 2063 1317 commentariis
2094 1289 2140 1318 se
2171 1277 2368 1332 designa—

519 1360 661 1397 turum
693 1368 786 1398 esse
818 1355 1064 1409 scripserat,
1094 1356 1370 1400 confirmatos
1401 1370 1494 1400 esse
1523 1370 1577 1399 ex
1607 1355 1824 1398 Ciceronis
1857 1355 2042 1409 epistula
2080 1355 2133 1397 ad
2175 1356 2364 1398 Atticum

518 1433 654 1489 pridie
683 1433 745 1477 Id.
785 1433 918 1488 April.
956 1438 1033 1477 aut
1068 1434 1132 1477 ld.
1169 1434 1303 1490 April.
1334 1435 1496 1490 scripta
1525 1434 1665 1477 elucet
1695 1438 1783 1486 (14,
1814 1434 1871 1488 6).
1935 1434 2000 1476 Ibi
2031 1434 2142 1476 enim
2172 1448 2269 1477 cum
2300 1435 2365 1477 Ci-

520 1525 617 1554 cero
657 1512 832 1554 scribat:
888 1512 994 1564 Quid
1031 1516 1133 1556 enim
1172 1516 1374 1562 miserius,
1416 1530 1536 1571 quam
1571 1529 1617 1556 ea
1653 1529 1724 1555 nos
1760 1515 1876 1562 tueri,
1910 1521 2083 1568 propter
2119 1529 2219 1570 quae
2253 1516 2364 1555 illum

521 1590 758 1633 oderamus?
802 1591 987 1634 Etiamne
1015 1594 1187 1635 consules
1217 1603 1253 1635 et
1286 1594 1461 1635 tribu'nos
1486 1594 1547 1649 pl.
1578 1598 1621 1635 in
1649 1593 1862 1640 Biennium,
1891 1607 1987 1648 quos
2015 1593 2081 1634 ille
2110 1591 2255 1634 voluit?
2293 1607 2366 1646 ap-

519 1672 641 1723 paret
670 1684 755 1713 non
786 1685 823 1713 a.
854 1670 894 1714 d.
925 1671 1022 1713 XVI
1055 1671 1149 1713 Kal.
1180 1671 1328 1727 April„
1359 1672 1434 1713 sed
1454 1672 1602 1728 paucis
1624 1671 1777 1714 diebus
1799 1677 1898 1714 ante
1919 1672 1980 1714 Id.
2001 1671 2135 1726 April.
2169 1672 2364 1713 consules

519 1751 563 1789 et
602 1749 796 1792 tribunos
826 1749 901 1804 pL,
942 1763 1048 1805 quos
1079 1749 1237 1793 Caesar
1277 1752 1319 1792 in
1351 1765 1506 1793 annum
1545 1754 1624 1792 712
1656 1765 1696 1793 u.
1727 1764 1761 1794 c.
1800 1750 2025 1806 designare
2069 1751 2363 1800 constituerat,

526 1852 571 1857 —
602 1842 703 1870 nam
734 1829 927 1870 consules
968 1833 1011 1870 et
1042 1829 1201 1870 tribuni
1232 1831 1331 1871 anni
1363 1834 1438 1871 711
1474 1845 1515 1871 u.
1547 1843 1582 1871 c.
1612 1830 1705 1871 vivo
1736 1829 1922 1871 Caesare
1961 1830 2046 1871 iam
2077 1832 2211 1872 creati
2243 1836 2365 1872 erant

519 1906 617 1960 (Dio
649 1907 693 1949 C.
726 1910 792 1958 43,
825 1912 901 1958 51;
938 1908 990 1951 cf.
1024 1913 1093 1956 44,
1130 1912 1191 1952 ll.
1223 1909 1335 1950 Suet.
1368 1909 1488 1951 Caes.
1522 1911 1594 1964 80)
1627 1933 1676 1940 -·-
1711 1923 1738 1950 a
1768 1913 1922 1951 senatu
1952 1908 2227 1951 confirmatos
2259 1924 2363 1952 esse.

633 1987 691 2028 Ac
726 1987 936 2041 profecto,
972 1991 1019 2029 ut
1055 2002 1109 2030 ex
1148 1988 1541 2039 senatusconsulto,
1583 1988 1699 2042 quod
1733 1989 1785 2030 de
1816 1988 1882 2029 his
1914 1989 2236 2042 magistratibus
2274 1994 2364 2031 tum

517 2064 677 2106 factum
708 2080 801 2107 esse
832 2066 1049 2121 probabile
1075 2071 1164 2117 est,
1211 2068 1403 2123 sequitur
1441 2081 1576 2121 usque
1606 2067 1660 2108 ad
1691 2066 1792 2108 Idus
1822 2066 1911 2108 fere
1951 2067 2117 2121 Apriles
2147 2066 2200 2107 M.
2233 2068 2364 2109 Anto—

516 2144 631 2186 nium
661 2158 799 2200 neque
828 2150 1089 2201 potestatem
1126 2147 1327 2189 habuisse
1364 2147 1507 2188 omnia
1536 2146 1716 2200 scripta,
1751 2145 1884 2195 dicta,
1915 2148 2143 2200 promissa,
2175 2147 2364 2201 cogitata

518 2222 713 2266 Caesaris
740 2237 820 2279 pro
857 2225 965 2267 actis
995 2225 1260 2277 venditandi,
1299 2239 1436 2281 neque
1466 2224 1782 2267 commentariis
1820 2223 2015 2267 Caesaris
2048 2225 2196 2268 eodem
2234 2225 2360 2267 modo

478 2310 483 2314 ·
516 2315 637 2344 usum
676 2315 770 2345 esse
816 2317 867 2346 ac
906 2308 1075 2359 postea:
1125 2305 1187 2348 sic
1223 2319 1276 2348 ex
1325 2303 1696 2347 senatusconsulto
1740 2303 1793 2346 de
1834 2303 2004 2346 Iudaeis
2045 2318 2083 2348 a.
2129 2303 2168 2346 d.
2200 2303 2263 2346 111
2301 2304 2361 2347 Id.

516 2381 646 2436 April.
675 2382 720 2423 in
749 2383 856 2425 aede
886 2383 1150 2426 Concordiae
1180 2384 1295 2426 facto
1324 2384 1439 2426 idem
1470 2383 1585 2426 haud
1605 2382 1733 2425 dubie
1756 2383 1983 2438 colligitur.
2023 2384 2085 2443 Eo
2107 2384 2218 2425 enim
2239 2397 2361 2425 sena·

517 2460 797 2512 tusconsulto‚
837 2461 958 2505 cuius
978 2461 1108 2506 verba
1138 2462 1346 2517 Iosephus
1376 2462 1525 2517 (antiq.
1553 2465 1615 2513 14,
1647 2465 1710 2513 10,
1736 2463 1806 2516 10)
1838 2462 2035 2512 servavit,
2067 2461 2364 2505 confirmatum

517 2542 584 2582 est
626 2542 1057 2594 senatusconsultum,
1106 2540 1219 2596 quod
1254 2540 1309 2584 ab
1347 2541 1439 2596 ipso
1481 2539 1669 2584 Caesare
1712 2556 1750 2585 a.
1794 2540 1833 2583 d.
1867 2540 1903 2583 V
1941 2540 2003 2585 Id.
2040 2540 2165 2583 Febr.
2202 2539 2362 2583 factum

515 2632 595 2661 nec
631 2623 773 2662 tamen
801 2620 894 2662 vivo
930 2619 1117 2664 Caesare
1152 2621 1196 2663 in
1232 2619 1443 2663 aerarium
1473 2619 1660 2662 delatum
1693 2623 1802 2662 erat.
1868 2619 2000 2675 Atqui
2025 2633 2138 2662 novo
2169 2625 2364 2662 senatus-

518 2698 709 2742 consulto
739 2699 783 2741 id
814 2698 1054 2742 confirmari
1085 2714 1193 2755 opus
1224 2703 1340 2742 certe
1369 2713 1454 2742 non
1483 2698 1581 2752 fuit,
1614 2699 1651 2742 si
1681 2699 1737 2743 M.
1767 2700 1978 2742 Antonius
2009 2713 2063 2742 ex
2093 2704 2364 2743 senatuscon-

517 2779 629 2822 sulto
667 2780 711 2822 in
741 2779 847 2822 aede
885 2779 1069 2823 Telluris
1106 2779 1221 2823 fac-to
1252 2783 1327 2823 aut
1363 2778 1589 2822 habuisset
1626 2784 1703 2822 aut
1739 2779 1823 2822 sibi
1868 2793 2037 2822 sumere
2075 2794 2208 2822 ausus
2251 2786 2363 2823 esset

516 2860 582 2901 ius
612 2860 979 2902 senatusconsulta
1009 2860 1103 2901 vivo
1135 2859 1318 2902 Caesare
1347 2859 1538 2901 nondum
1569 2859 1713 2901 delata
1741 2859 1786 2901 in
1817 2860 2031 2901 aerarium
2061 2859 2293 2902 deferendi.

630 2937 845 2981 Ciceronis
881 2943 1026 2981 autem
1064 2943 1108 2981 et
1143 2939 1293 2981 Dionis
1323 2939 1460 2981 Cassii
1496 2938 1549 2980 de
1578 2939 1619 2980 vi
1650 2939 2008 2981 senatusconsulti
2039 2938 2083 2979 in
2122 2939 2229 2981 aede
2266 2939 2363 2984 Tel-

515 3018 624 3060 luris
661 3018 766 3061 facti
795 3032 879 3061 non
917 3018 1053 3061 solum
1084 3017 1261 3072 singulis
1295 3003 1384 3058 illis
1412 3018 1819 3068 senatusconsultis,
1856 3032 1965 3071 quae
2002 3017 2055 3059 ad
2083 3019 2363 3072 magistratus
