2919 3849
1067 352 1410 395 ——11

484 483 524 531 2,
543 480 740 535 42,109).
786 479 869 522 Sed
900 493 1044 523 omnes
1075 480 1166 523 dies
1204 494 1231 522 a
1268 480 1374 524 Non.
1404 480 1536 535 April.
1566 493 1703 535 usque
1733 479 1789 523 ad
1820 479 1991 521 Vinalia
2030 477 2220 521 nefastos
2251 483 2326 520 aut

483 558 674 602 nefastos
687 558 892 615 principio
910 572 1002 602 esse
1011 559 1153 602 iamin
1168 557 1379 614 particula
1398 558 1540 613 priore
1554 573 1595 614 p.
1608 561 1658 601 10
1676 557 1870 600 vidimus
1901 556 2187 608 Quamobrem
2213 571 2327 599 nunc

484 638 622 692 magis
641 652 690 681 eo
707 638 873 690 inclino,
883 642 933 681 ut
950 639 1005 682 M.
1022 638 1263 690 Antonium,
1285 651 1381 681 cum
1401 638 1539 692 legem
1554 651 1674 680 suam
1691 636 2021 693 promulgasset,
2042 636 2235 690 protinus
2251 650 2326 679 eas

432 726 435 729 ’
485 717 603 772 leges
624 721 667 760 et
695 731 747 760 ea
776 717 950 760 decreta
970 717 1167 760 Caesaris
1197 717 1324 760 simul
1344 704 1584 771 publicasse
1614 719 1822 764 statuam,
1854 727 1964 769 quae
1995 714 2090 769 lege
2121 729 2200 757 sua
2229 720 2326 757 rata

483 794 579 838 fieri
607 795 745 839 vellet.
783 796 891 838 Nam
912 796 948 838 si
963 796 1018 838 M.
1038 796 1242 839 Antonius
1264 796 1402 849 legem
1413 794 1530 837 illam
1551 794 1620 836 die
1639 794 1718 836 tali
1737 794 1917 845 tulisset,
1949 807 2033 847 quo
2055 806 2151 834 cum
2170 793 2326 847 populo

482 875 558 930 agi
576 873 696 917 nefas
716 874 881 927 fuisset,
913 874 1062 918 Cicero
1083 874 1175 917 sine
1196 873 1327 917 dubio
1349 887 1443 916 cum
1473 872 1569 916 aliis
1598 871 1704 914 locis
1732 875 1822 915 tum
1850 873 1894 914 in
1914 871 2151 926 Philippica
2181 873 2328 926 quinta

484 952 541 995 de
570 953 650 995 hoc
680 954 781 996 vitio
813 953 1061 1007 gravissimo
1093 967 1176 996 non
1205 953 1425 996 tacuisset.
1484 951 1636 1006 Itaque
1666 965 1761 1003 cum
1791 951 1928 1005 legem
1966 955 2067 993 ante
2103 950 2328 1005 profectio·

487 1044 583 1074 nem
613 1032 668 1076 M.
699 1032 873 1075 Antonii
903 1032 1033 1074 latam
1065 1045 1159 1074 esse
1190 1044 1365 1074 necesse
1394 1031 1462 1082 sit,
1491 1031 1727 1073 Antonium
1757 1033 1901 1072 autem
1932 1030 2044 1072 circa
2074 1043 2172 1070 eum
2203 1030 2326 1077 diem,

485 1110 561 1165 qui
599 1114 666 1153 est
699 1125 738 1154 a.
776 1111 814 1153 d.
854 1110 890 1152 V
928 1110 1022 1154 Kal.
1060 1110 1169 1164 Mai„
1207 1109 1449 1166 profectum
1491 1123 1583 1151 esse
1623 1112 1802 1159 constet,
1840 1109 2057 1163 sequitur,
2108 1112 2155 1150 ut
2191 1108 2327 1163 legen·

489 1188 717 1233 Antoniam
749 1189 801 1232 de
823 1189 930 1231 actis
962 1187 1158 1232 Caesaris
1189 1188 1501 1241 confirmandis,
1532 1187 1845 1244 promulgatam
1877 1187 2028 1228 diebus
2059 1188 2206 1242 paucis
2229 1195 2328 1240 post

488 1266 551 1309 Id.
588 1266 733 1321 April,
772 1268 965 1322 neglecto
1010 1268 1257 1311 trinundino
1294 1267 1444 1311 eodem
1482 1267 1552 1309 die
1589 1265 1813 1316 comitiali,
1856 1267 1930 1321 qui
1966 1267 2081 1308 solus
2120 1275 2328 1321 superest.

488 1346 602 1388 diem
632 1347 737 1397 dico,
770 1347 844 1401 qui
874 1350 939 1389 est
969 1360 1006 1389 a.
1037 1347 1076 1388 d.
1107 1346 1208 1390 VIII
1237 1346 1332 1389 Kal.
1362 1345 1479 1396 Mai„
1519 1358 1614 1388 cum
1644 1344 1739 1400 lege
1770 1344 1823 1386 de
1856 1344 2075 1387 dictatura
2105 1345 2148 1386 in
2184 1360 2330 1400 perpe-

488 1428 608 1467 tuum
638 1424 825 1468 tollenda
864 1425 1076 1481 perlatam
1108 1438 1200 1469 esse
1239 1428 1490 1468 statuamus.

601 1501 885 1548 Transeamus
920 1515 1034 1546 nuno
1072 1502 1127 1547 ad
1161 1503 1280 1561 legem
1323 1503 1539 1546 Antoniam
1576 1504 1623 1546 de
1659 1504 1806 1545 colonis
1841 1505 1883 1544 in
1918 1516 2041 1558 ayros
2078 1504 2331 1544 deducendi.—·.

488 1580 526 1623 A
560 1579 732 1625 Baitero
759 1581 866 1625 haec
894 1569 1168 1637 lex‘prorsus
1199 1581 1394 1636 neglecta
1422 1588 1499 1633 est,
1543 1582 1616 1637 qui
1646 1594 1700 1624 ne
1737 1582 1782 1624 id
1819 1582 1991 1637 quidem
2028 1582 2332 1623 animadvortit

488 1661 612 1715 leyem
641 1663 864 1702 Antoniam
892 1664 1105 1718 ayrariam,
1141 1674 1268 1716 quam
1298 1661 1342 1700 in
1372 1661 1526 1701 seriem
1556 1660 1696 1714 legum
1725 1661 2004 1701 Antoniarum
2046 1661 2209 1713 recepit
2239 1661 2332 1710 (nd-

489 1725 663 1793 scriptis
694 1739 798 1780 locis
836 1739 919 1780 Cic.
949 1739 1055 1781 Phil.
1088 1743 1126 1791 5,
1159 1743 1194 1792 3,
1228 1744 1263 1780 7.
1294 1739 1373 1780 Dio
1405 1739 1521 1780 Cass.
1546 1742 1612 1790 45,
1645 1740 1702 1792 9),
1723 1753 1816 1781 esse
1836 1739 1957 1780 Lucii
1977 1740 2150 1780 Antonii
2172 1740 2331 1780 tribuni

489 1816 557 1870 pl.,
576 1830 661 1858 non
677 1817 813 1859 Marci
833 1817 1004 1859 Antonii
1025 1819 1210 1860 consulis
1229 1818 1377 1872 legem.
1416 1817 1633 1859 Hoeckius
1665 1831 1837 1871 quoque
1867 1818 1986 1860 Lucii
2015 1819 2155 1872 legem
2187 1818 2331 1859 Marco

489 1894 686 1936 tribuisse
724 1895 891 1938 videtur
934 1898 1000 1950 (1,
1034 1899 1146 1946 218).
1214 1896 1333 1937 Sicut
1369 1896 1413 1937 hi
1449 1897 1527 1937 viri
1575 1896 1710 1947 docti,
1754 1896 1818 1937 ita
1857 1896 2031 1938 Reinius
2070 1897 2135 1948 (4,
2167 1899 2261 1937 961.
2295 1901 2333 1938 6.

486 1976 610 2028 270),
648 1975 918 2017 Drumannus
957 1976 1023 2029 (1,
1058 1977 1171 2030 113),
1218 1976 1394 2017 Peterus
1431 1976 1494 2028 (2,
1533 1975 1656 2030 412),
1706 1974 1953 2017 Merivalius
1997 1978 2060 2026 (2,
2102 1975 2191 2030 70),
2231 1976 2331 2029 quin

489 2053 618 2095 etiam
650 2054 697 2095 A.
728 2053 778 2096 G.
810 2055 1040 2108 Zumptius,
1080 2056 1152 2109 qui
1181 2055 1223 2095 in
1266 2054 1671 2097 commentationum
1707 2054 2080 2109 epigraphicarum
2120 2054 2333 2096 volumine

488 2131 631 2187 priore
653 2132 705 2174 de
725 2132 888 2188 legibus
909 2132 1087 2188 agrariis
1108 2132 1427 2189 diligentissime
1457 2133 1545 2189 egit
1567 2132 1626 2190 (p.
1654 2135 1734 2176 319
1759 2137 1884 2189 sqq.),
1915 2134 2053 2177 locum
2075 2133 2334 2189 Philippicae

484 2211 665 2265 quintae
696 2215 739 2254 et
774 2212 912 2266 legem
951 2212 1178 2255 Antoniam
1214 2211 1266 2255 de
1296 2212 1453 2256 colonis
1483 2213 1527 2255 in
1566 2226 1692 2268 agros
1733 2212 1995 2256 deducendis
2034 2213 2122 2256 alto
2164 2213 2333 2255 silentio

487 2293 722 2341 transeunt,
762 2291 915 2341 omnia,
961 2305 1069 2343 quae
1106 2291 1158 2333 de
1202 2291 1317 2344 agris
1355 2305 1466 2334 anno
1506 2295 1587 2334 710
1624 2306 1664 2334 u.
1704 2305 1738 2334 c.
1778 2295 1875 2346 post
1918 2297 2094 2335 mortem
2132 2291 2332 2334 Caesaris

484 2368 601 2410 datis
637 2369 867 2422 assignatis
914 2369 1016 2411 deve
1052 2370 1265 2413 veteranis
1306 2370 1548 2425 civibusque
1594 2370 1639 2413 in
1686 2370 1874 2414 colonias
1913 2370 2110 2415 deductis
2148 2384 2331 2414 comme-

490 2450 724 2496 morantur,
754 2446 808 2487 ad
840 2447 975 2500 legem
1005 2447 1221 2501 agrariam
1252 2447 1297 2491 L.
1326 2447 1496 2491 Antonii
1526 2448 1620 2492 trib.
1651 2448 1706 2503 pl.
1737 2446 1985 2500 referentes,
2025 2463 2154 2503 quam
2186 2463 2332 2491 mense

484 2526 627 2578 Aprili
659 2529 758 2566 ante
789 2525 1095 2578 profectionem
1126 2526 1180 2568 M.
1214 2528 1386 2570 Antonii
1415 2529 1598 2570 consulis
1627 2528 1762 2570 latam
1794 2543 1887 2570 esse
1918 2532 2124 2570 statuunt.

603 2602 687 2646 Sed
719 2604 833 2646 Lucii
863 2604 1001 2658 legem
1023 2605 1247 2659 agrariam,
1279 2609 1455 2660 propter
1475 2622 1603 2661 quam
1622 2606 1697 2649 ille
1716 2610 1921 2661 patronus
1943 2605 2119 2661 triginta
2140 2605 2331 2649 tribuum

484 2685 534 2724 et
568 2682 755 2736 equitum
792 2696 900 2736 equo
938 2683 1107 2737 publico
1144 2683 1382 2738 appellatus
1413 2688 1479 2728 est
1508 2685 1612 2738 (Cic.
1644 2684 1751 2728 Phil.
1785 2689 1821 2737 6,
1855 2690 1891 2737 5,
1928 2688 1977 2728 12
2009 2700 2072 2740 sq.
2108 2690 2144 2736 7,
2177 2689 2214 2736 6,
2254 2690 2333 2740 16),

490 2760 574 2802 non
619 2775 743 2814 posse
783 2761 973 2815 intellegi
1010 2776 1104 2803 eam
1139 2762 1289 2816 legem,
1326 2777 1456 2816 quam
1493 2763 1640 2806 Cicero
1679 2762 1785 2806 Phil.
1819 2767 1855 2815 5,
1886 2768 1924 2816 4,
1958 2765 2011 2807 10
2040 2778 2067 2806 a
2102 2763 2250 2807 Marco
2283 2763 2336 2805 de

483 2839 650 2883 colonis
671 2841 713 2882 in
729 2854 856 2895 agros
870 2840 1130 2883 deducendis
1143 2842 1275 2884 latam
1298 2855 1392 2885 esse
1413 2846 1609 2894 testatur,
1631 2842 1715 2885 iam
1730 2843 1775 2885 in
1794 2843 2008 2897 particula
2022 2844 2166 2898 priore
2187 2858 2225 2898 p.
2243 2847 2267 2885 6
2283 2859 2336 2885 ex

486 2918 619 2962 totius
649 2918 701 2962 de
723 2918 888 2974 legibus
915 2918 1111 2963 Antoniis
1138 2918 1439 2975 disputationis
1466 2934 1576 2964 nexu
1606 2921 1916 2965 sententiarum
1938 2920 2335 2966 demonstravimus,

489 2997 665 3040 Accedit
687 2996 800 3051 quod
823 2997 982 3049 Cicero,
1005 3003 1231 3052 postquam
1252 3003 1295 3041 et
1315 2999 1434 3040 Lucii
1454 3003 1497 3041 et
1516 2998 1650 3041 Marci
1665 2999 1781 3053 leges
1804 3002 2175 3044 senatusconsulto
2190 3001 2338 3043 tollen-
