2919 3849
1409 368 1467 411 10

507 514 603 543 esse
635 501 866 555 scripserat
897 499 967 555 (cf.
987 499 1044 543 ad
1066 501 1151 543 Att.
1177 503 1240 551 14,
1263 502 1300 551 6,
1331 502 1392 551 2),
1425 503 1569 542 tamen
1589 499 1687 542 inde
1714 499 1822 542 nihil
1852 498 1905 542 de
1934 498 2030 554 lege
2049 498 2236 542 Antonia
2264 513 2360 555 pro·

509 580 701 634 mulgata
731 579 938 634 sequitur.
983 578 1091 622 Nam
1122 578 1491 621 senatusconsulto
1521 577 1618 621 illos
1650 578 1928 633 magistratus
1956 576 2232 621 confirmatos
2263 591 2359 621 esse

510 660 565 715 (v.
603 673 734 713 supra
773 674 815 713 p.
854 660 897 713 5)
941 673 991 701 eo
1028 657 1164 712 magis
1198 656 1418 712 probabile
1456 661 1533 708 est,
1572 657 1685 711 quod
1722 656 2105 699 senatusconsultis
2153 656 2359 700 eiusmodi

508 737 715 781 faciendis
753 737 809 779 M.
840 737 1050 778 Antonius
1086 736 1314 778 multorum
1352 740 1597 778 senatorum
1634 736 1818 789 gratiam
1848 734 1929 778 sibi
1959 734 2187 779 conciliare
2224 750 2358 790 eoque

508 816 637 858 modo
658 816 771 858 viam
794 815 850 858 ad
881 815 1015 870 legem
1037 828 1157 857 suam
1188 808 1540 869 promulgandam
1562 813 1642 856 sibi
1672 813 1839 856 munire
1869 817 2054 868 poterat.
2097 813 2208 865 Quin
2229 815 2358 857 etiam

510 911 546 938 a.
570 895 609 936 d.
631 894 752 936 XVII
784 893 880 935 Kal.
912 893 1011 936 Mai.
1039 893 1199 945 Cicero,
1230 892 1385 947 quippe
1416 893 1487 946 qui
1519 906 1568 934 eo
1601 892 1669 935 die
1696 892 1826 935 verba
1846 892 2081 947 scripserit:
2111 895 2252 950 optime
2280 903 2361 936 tam

514 977 633 1016 etiam
663 974 795 1014 Bruto
827 981 965 1014 nostro
994 973 1163 1027 probari
1188 973 1407 1014 Antonium
1441 970 1512 1023 (ad
1543 971 1630 1015 Att.
1671 974 1737 1021 14,
1771 974 1807 1019 8,
1840 970 1895 1027 1),
1936 970 2147 1014 nihildum
2178 971 2231 1013 de
2265 985 2360 1025 per·

509 1053 672 1093 nicioso
703 1050 759 1093 M.
789 1051 964 1093 Antonii
993 1049 1167 1093 consilio
1198 1051 1412 1104 accepisse
1442 1048 1622 1092 videtur.
2242 1033 2245 1036 ‚
2304 1051 2306 1053 ’

627 1132 720 1170 Iam
756 1143 857 1171 vero
897 1129 1121 1182 epistulam
1159 1128 1213 1169 ad
1249 1129 1437 1170 Atticum
1479 1131 1542 1178 14,
1584 1131 1647 1176 10,
1684 1141 1796 1181 quae
1837 1128 2000 1180 scripta
2036 1133 2103 1171 est
2138 1144 2223 1171 uno
2259 1129 2360 1172 duo-

512 1212 642 1251 busve
683 1209 832 1250 diebus
871 1213 970 1262 post
1004 1222 1041 1249 a.
1081 1207 1121 1248 d.
1158 1206 1284 1247 XIIII
1318 1207 1412 1248 Kal.
1452 1207 1551 1248 Mai.
1584 1206 1661 1260 (cf.
1703 1211 1766 1257 14,
1804 1210 1865 1257 10,
1906 1207 1967 1259 3),
2006 1206 2152 1249 Cicero
2193 1207 2361 1251 orditur

513 1288 842 1330 exclamatione:
890 1288 1003 1329 Itane
1031 1285 1149 1329 ver-o?
1189 1285 1277 1328 Hoc
1314 1302 1420 1329 meus
1458 1295 1491 1328 et
1528 1295 1615 1329 tuus
1651 1286 1805 1328 Brutus
1834 1288 1919 1342 eyit,
1958 1294 1999 1329 ut
2029 1286 2209 1330 Lanuvii
2235 1287 2363 1331 esset?

512 1377 554 1409 ut
595 1367 814 1408 Trebonius
843 1367 1048 1407 itineribus
1076 1366 1198 1407 deviis
1223 1367 1530 1421 proficisceretur
1557 1369 1598 1408 in
1621 1364 1898 1422 provinciam?
1926 1375 1975 1408 ut
2004 1370 2173 1408 omnia
2201 1368 2358 1420 facta,

511 1449 723 1502 scripta,
753 1447 903 1491 (licta,
936 1447 1218 1500 promissa,
1259 1447 1474 1498 coyitata
1511 1445 1738 1486 Caesaris
1770 1446 1890 1500 plus
1929 1447 2166 1493 valerent,
2208 1462 2359 1499 quam

511 1529 556 1566 si
584 1529 692 1581 ipse
723 1523 926 1565 viveret?
955 1523 1063 1564 Tum
1092 1524 1219 1577 igitur
1249 1524 1315 1564 lex
1348 1524 1438 1564 sine
1470 1524 1596 1565 dubio
1632 1524 1906 1578 promulgata
1940 1525 2027 1566 iam
2058 1528 2164 1566 erat.
2224 1525 2361 1570 Porro

516 1609 658 1645 autem
692 1602 841 1644 Cicero
874 1602 1101 1655 epistulam
1133 1602 1187 1644 ad
1217 1602 1405 1644 Atticum
1442 1607 1503 1652 14,
1539 1605 1601 1653 12,
1638 1616 1746 1656 quae
1777 1603 1939 1657 scripta
1968 1608 2032 1646 est
2061 1617 2098 1646 a.
2129 1603 2168 1646 d.
2196 1603 2235 1645 X
2264 1603 2359 1648 Kal.

515 1682 615 1724 Mai.
650 1680 723 1736 (cf.
759 1684 824 1732 14,
861 1682 923 1727 12,
959 1681 1014 1734 3),
1044 1679 1421 1723 lamentationibus
1452 1680 1567 1723 hisce
1598 1678 1779 1723 orditur:
1818 1680 1853 1724 O
1881 1682 1938 1723 mi
1965 1682 2105 1731 Attice,
2135 1697 2284 1733 vereor,
2315 1699 2363 1725 ne

513 1762 620 1802 nobis
652 1761 754 1802 Idus
785 1761 963 1802 Martiae
992 1760 1089 1801 nihil
1121 1760 1296 1802 dederint
1320 1769 1477 1815 praeter
1508 1760 1689 1802 laetitiam
1726 1768 1761 1801 et
1788 1761 1871 1802 odii
1905 1777 2075 1815 poenam
2120 1778 2166 1804 ac
2205 1761 2359 1804 doloris.

520 1839 631 1889 Quae
651 1839 747 1880 milzi
763 1840 867 1880 istim
887 1835 1134 1892 afferuntur?
1169 1836 1280 1889 Quae
1299 1838 1362 1880 hic
1380 1837 1518 1881 video?
1534 1832 1594 1879 ’Ὠ
1617 1837 1821 1895 πράξεως
1837 1837 1972 1894 καλῆς
1990 1837 2073 1892 μὲν
2092 1833 2275 1890 ἀτελοῦς
2295 1838 2363 1882 (5έῖ

515 1917 600 1959 Scis
618 1933 738 1973 quam
764 1917 928 1972 clv'liyam
951 1917 1102 1959 Siculos
1123 1924 1158 1958 et
1174 1932 1295 1971 quam
1310 1917 1420 1959 illam
1445 1917 1659 1960 clientelam
1679 1917 1875 1960 honestam
1902 1918 2077 1961 iudicem.
2128 1917 2259 1961 Multa
2285 1918 2367 1961 illis

521 1996 680 2044 Caesar,
703 2009 825 2052 neque
849 2011 910 2038 me
932 1997 1062 2045 invito,
1089 1997 1164 2038 etsi
1200 1995 1399 2038 Latinitas
1419 2004 1503 2039 erat
1529 2012 1609 2038 non
1625 1996 1818 2053 serenda‚·
1847 2004 2113 2040 verumtamen
2135 2030 2143 2039 .
2169 2030 2178 2040 .
2202 2030 2211 2040 .
2242 1998 2365 2041 Ecce

514 2084 672 2117 autem
692 2076 943 2117 Antonius
961 2084 1114 2132 accepta
1127 2077 1459 2132 yrandipecunia
1483 2076 1612 2129 fixit
1634 2077 1785 2130 leyem
1808 2091 1833 2117 a
1858 2076 2116 2118 dictatore
2145 2079 2367 2131 comitiis

517 2157 683 2203 latam,
713 2170 793 2210 qua
816 2153 941 2197 Siculi
958 2157 1053 2197 aives
1073 2155 1254 2197 Romani
1258 2171 1271 2204 ,·
1303 2157 1411 2197 cuius
1432 2158 1490 2197 rei
1516 2158 1601 2197 vivo
1621 2156 1686 2197 illo
1705 2157 1851 2198 mentio
1871 2156 1992 2197 nulla.
2029 2154 2165 2207 Quid?
2184 2157 2369 2199 Deiotari

514 2237 642 2277 nostri
661 2251 781 2277 causa
812 2250 890 2277 non
920 2234 1084 2277 similis?
1111 2235 1273 2290 Diynus
1301 2236 1362 2277 ille
1394 2235 1552 2291 quidem
1584 2237 1694 2276 omni
1711 2250 1839 2291 reyno,
1869 2237 1940 2277 sed
1956 2250 2036 2277 non
2058 2251 2135 2292 per
2166 2235 2365 2280 Fulviam.

517 2314 707 2358 Sescenta
736 2313 892 2357 similia.
953 2312 1173 2357 Rescierat
1201 2312 1332 2369 igitur
1363 2312 1511 2355 Cicero
1544 2325 1593 2356 eo
1629 2313 1697 2356 die
1717 2318 1891 2369 praeter
1912 2315 2086 2369 decreta
2107 2315 2210 2357 satis
2230 2314 2366 2357 multa

518 2392 716 2436 Caesaris
744 2391 892 2435 fixisse
923 2391 979 2435 M.
1011 2390 1237 2434 Antonium
1268 2395 1311 2434 et
1342 2391 1478 2447 legem
1510 2392 1660 2434 Iuliam
1693 2393 1745 2435 de
1776 2393 1929 2435 Siculis
1960 2397 2002 2435 et
2029 2393 2168 2449 legem
2209 2393 2364 2434 Iuliam

515 2471 567 2514 (le
607 2470 834 2522 Deiotaro,
875 2483 982 2525 quas
1017 2469 1134 2525 leges
1174 2484 1226 2513 ex
1265 2469 1579 2514 commentariis
1617 2469 1814 2515 Caesaris
1850 2471 2043 2527 prolatas
2082 2484 2176 2515 esse
2216 2472 2364 2516 Cicero

512 2550 602 2605 ipse
644 2553 833 2594 testatur
874 2547 1001 2605 (Phil.
1038 2552 1072 2600 l,
1119 2550 1181 2602 10,
1214 2550 1279 2592 24.
1318 2551 1356 2602 2,
1390 2552 1456 2602 36,
1488 2551 1554 2592 92.
1593 2551 1631 2601 2,
1664 2552 1729 2593 37.
1771 2552 1808 2602 3,
1843 2552 1906 2603 12,
1938 2553 2002 2594 30.
2045 2554 2082 2604 5,
2114 2555 2151 2603 4,
2188 2553 2251 2592 11.
2299 2553 2363 2593 12.

514 2632 551 2680 7,
586 2632 622 2680 5,
659 2631 737 2682 15).
797 2628 910 2671 Hinc
945 2628 1139 2683 sequitur
1178 2628 1316 2684 legem
1352 2628 1583 2671 Antoniam
1621 2633 1722 2672 ante
1753 2642 1851 2672 eum
1888 2630 2019 2681 diem,
2058 2630 2129 2684 qui
2160 2634 2226 2671 est
2256 2644 2292 2672 a.
2325 2630 2363 2671 d.

513 2708 551 2750 X
587 2707 681 2751 Kal.
721 2707 840 2758 Mai„
873 2720 899 2749 a
930 2707 985 2751 M.
1018 2707 1202 2750 Antonio
1240 2710 1316 2749 aut
1362 2708 1448 2750 iam
1488 2707 1620 2751 latam
1662 2711 1738 2750 aut
1768 2711 1882 2751 certe
1918 2721 1996 2763 pro
2037 2708 2128 2751 lata
2167 2708 2366 2751 observa-

512 2796 598 2829 tam
630 2801 735 2830 esse.

625 2867 767 2923 Atque
809 2864 913 2908 illud
955 2864 1126 2921 quidem
1164 2864 1207 2907 in
1249 2865 1551 2921 antiquitatum
1592 2866 1803 2909 volumine
1841 2866 1970 2908 tertio
2009 2880 2049 2922 p.
2088 2869 2172 2907 484
2212 2867 2363 2920 statui3

517 2949 686 2988 constat
717 2946 827 2988 enim
860 2945 915 2987 Μ.
949 2945 1181 2987 Antonium
1218 2946 1447 2987 nonnullas
1478 2946 1596 3000 leges
1635 2946 1833 3001 neglecta
1873 2947 1967 3000 lege
2008 2945 2197 2988 Caecilia
2237 2946 2364 2987 Didia

513 3025 565 3067 de
616 3024 910 3067 trinundinum
966 3022 1308 3079 promulgatione
1357 3023 1504 3066 tulisse
1557 3024 1665 3077 (Cic.
1712 3024 1820 3068 Phil.
1863 3028 1897 3078 1,
1944 3027 2007 3078 10,
2049 3027 2113 3067 24.
2166 3027 2205 3077 2,
2247 3027 2283 3077 3,
2327 3028 2364 3068 6.
