2919 3849
505 501 589 540 quo
620 500 732 528 nunc
769 486 928 539 agitur,
975 486 1198 528 referenda
1233 501 1326 529 esse
1356 490 1486 540 patet.
1546 485 1609 528 De
1645 500 1681 527 s<
1695 484 1861 526 utentia
1896 487 2037 524 autem
2077 482 2192 523 tertii
2233 481 2347 524 illius

503 565 863 606 senatusconsulti
894 566 1060 616 Cicero,
1091 566 1164 620 qui
1192 566 1237 607 id
1267 568 1444 620 propter
1472 580 1646 608 causam
1670 563 1936 605 Buthrotiam
1966 561 2137 614 saepius
2165 574 2347 602 comme—

501 651 640 685 morat
670 644 742 698 (ad
776 646 859 686 Att.
895 649 956 695 16,
990 648 1052 693 16,
1082 648 1122 686 6.
1160 649 1221 688 11.
1257 649 1318 687 12.
1352 648 1415 686 14.
1450 646 1538 699 18),
1575 657 1750 698 prorsus
1781 656 1875 683 cum
1907 641 2041 683 Dione
2070 639 2219 683 Cassio
2246 655 2346 683 con·

502 723 615 765 cinit.
636 723 839 764 Testatur
868 724 976 764 enim
1009 724 1081 777 (ad
1098 725 1187 766 Att.
1214 729 1276 774 16,
1306 727 1368 774 16,
1392 726 1436 776 8)
1473 723 1719 764 consulibus
1749 719 2122 762 senatusconsulto
2151 719 2224 760 illo
2253 735 2346 773 per-

450 840 454 843 .
501 801 676 842 missum
709 815 819 851 esse,
851 811 892 843 vt
920 804 967 844 de
1002 802 1179 845 Caesaris
1206 806 1301 844 actis
1330 811 1618 856 coynoscerent,
1647 809 1874 848 statuerent,
1913 801 2149 846 iudicarent,
2188 804 2229 839 et
2267 800 2341 851 (ad

477 868 586 922 vAtt.
622 883 694 931 16,
733 884 795 933 16,
836 882 905 935 11)
936 882 1349 925 senatusconsultum
1382 897 1520 923 earum
1554 896 1706 931 rerum,
1745 895 1843 936 quas
1879 877 2025 920 Caesar
2052 880 2250 926 statuisset,
2279 879 2343 921 de-

497 962 681 1009 crevisset,
710 950 858 1017 aqi-«set,
888 962 1104 1004 consulibus
1133 964 1384 1018 coym'tionem
1415 959 1585 1002 dedisse
1622 961 1666 1001 et
1700 956 1825 1014 (Phil.
1859 965 1894 1006 2,
1928 960 1993 1007 39,
2028 957 2126 1011 100)
2157 956 2218 998 sic
2254 956 2342 1012 pla-

496 1039 650 1090 cuisse,
692 1048 735 1082 ut
765 1041 958 1083 Kalendis
991 1043 1122 1083 Ium'zb
1150 1041 1234 1094 (vel
1263 1041 1408 1095 potius
1438 1055 1486 1082 eat
1518 1039 1710 1080 Kalendis
1741 1039 1891 1090 Iuniis)
1934 1039 1981 1077 de
2028 1036 2213 1078 Caesaris
2248 1039 2342 1078 actis

494 1134 581 1159 cum
604 1120 762 1160 comi‘io
781 1130 1062 1173 coqnoxcerem.
1108 1119 1218 1169 Quin
1236 1119 1362 1161 etiam
1382 1117 1506 1160 huius
1527 1115 1891 1159 senatusconsulti
1906 1116 1988 1157 vim
2011 1115 2342 1169 itainterpreta-

493 1203 576 1247 tur,
606 1202 655 1238 ut
684 1197 799 1239 dicat
835 1198 958 1251 (Phil.
992 1201 1029 1249 2,
1062 1201 1125 1247 39,
1169 1199 1289 1251 100);
1335 1200 1438 1239 Acta
1475 1197 1650 1238 caesaris
1678 1198 1788 1252 pacis
1825 1211 1944 1236 causa
1980 1197 2215 1249 confirmata
2252 1203 2342 1235 sunt

492 1290 516 1315 a
537 1283 686 1325 senatu,
709 1291 830 1331 quae
858 1278 1049 1332 quidem
1079 1276 1265 1317 Caesar
1294 1279 1488 1332 ερὶεεετ,
1520 1290 1613 1316 non
1633 1290 1702 1322 ea,
1733 1290 1860 1329 quae
1887 1273 2150 1315 Caesarem
2181 1276 2341 1328 eyisse

492 1354 712 1396 diffluet
739 1355 995 1395 Antonius.
1038 1354 1216 1408 Tantum
1249 1355 1379 1408 igitur
1409 1354 1546 1403 abest,
1578 1359 1626 1394 ut
1656 1354 1712 1394 M.
1734 1353 1947 1393 Antonius
1979 1366 2031 1392 ex
2070 1359 2341 1392 senatuscon—

491 1432 602 1473 sulto
646 1433 687 1473 in
726 1434 831 1474 aede
871 1432 1055 1474 Telluris
1093 1433 1208 1474 facto
1249 1434 1334 1483 ius,
1377 1433 1429 1473 de
1478 1446 1562 1485 quo
1602 1432 1841 1486 quaeritur,
1890 1431 2092 1472 habuerit
2137 1435 2214 1471 aut
2258 1429 2338 1471 sibi

490 1524 658 1553 sumere
680 1525 809 1553 ausus
831 1513 906 1562 sit,
938 1515 1052 1552 utne
1072 1516 1159 1553 tum
1183 1505 1365 1564 quidem,
1399 1525 1493 1553 cum
1514 1511 1693 1553 tertium
1715 1509 2136 1552 senatusconsultum
2160 1508 2213 1550 de
2234 1509 2341 1551 actis

491 1587 688 1632 Caesaris
719 1589 1021 1632 confirmandis
1052 1589 1214 1632 factum
1245 1593 1333 1640 est,
1365 1589 1430 1631 ius
1461 1589 1566 1630 illud
1597 1589 1779 1643 adeptus
1811 1590 1877 1630 sit.
1936 1589 2069 1629 Recte
2100 1588 2230 1641 igitur
2261 1587 2342 1628 Dio

489 1669 660 1709 Cassius
691 1659 808 1718 locis,
840 1683 945 1721 quos
976 1683 1106 1722 supra
1134 1669 1356 1722 adscripsi,
1388 1669 1491 1709 dicit
1521 1669 1729 1721 neglectis
1762 1668 2147 1710 senatusconsultis
2179 1672 2223 1708 et
2245 1667 2338 1708 Sul-

481 1747 649 1801 piciano
690 1753 733 1788 et
764 1748 860 1798 hoc,
901 1748 1015 1802 quod
1059 1747 1184 1789 modo
1228 1748 1517 1802 exposuimus,
1557 1747 1612 1791 M.
1657 1746 1886 1790 Antonium
1929 1761 1979 1789 ex
2018 1745 2334 1790 commentariis

482 1826 680 1867 Caesaris
711 1841 819 1880 quae
852 1826 1030 1868 Caesari
1065 1828 1322 1881 placuissent
1351 1831 1571 1881 tamquam
1599 1826 1717 1880 leges
1747 1831 1824 1869 aut
1855 1826 2230 1869 senatusconsulta
2259 1830 2335 1867 aut

480 1905 655 1946 decreta
686 1904 886 1946 Caesaris
917 1905 1165 1958 publicasse.

589 1983 677 2023 Iam
709 1997 810 2023 vero
840 1983 1024 2024 fortasse
1056 1984 1267 2037 quispiam
1298 1984 1455 2025 dixerit
1483 1983 1538 2025 M.
1570 1984 1823 2034 Antonium,
1856 1984 1936 2025 etsi
1976 1998 2114 2036 neque
2142 1988 2334 2025 senatus-

479 2062 672 2104 consulto
703 2062 745 2104 in
777 2063 881 2104 aede
912 2062 1095 2105 Telluris
1129 2062 1262 2113 facto,
1303 2076 1440 2117 neque
1472 2061 1602 2104 tertio
1623 2061 1697 2104 illo
1728 2061 2099 2104 senatusconsulto
2130 2062 2197 2104 ius
2227 2061 2331 2104 illud

476 2142 528 2181 de
568 2155 653 2193 quo
692 2143 913 2194 quaeritur
959 2143 998 2182 ei
1037 2142 1241 2182 tributum
1280 2143 1354 2192 sit,
1397 2147 1560 2191 tamen,
1600 2146 1824 2194 postquam
1857 2142 2022 2184 frustra
2051 2156 2096 2183 se
2133 2155 2331 2195 sperasse

476 2220 629 2260 viderit
651 2220 741 2261 fore
764 2226 810 2261 ut
830 2236 856 2261 a
877 2227 1027 2262 senatu
1048 2234 1138 2261 eam
1168 2224 1424 2274 potestatem
1455 2219 1718 2273 impetraret,
1750 2234 1803 2262 ex
1822 2220 1959 2273 primo
1986 2222 2028 2262 et
2049 2220 2177 2263 tertio
2210 2234 2330 2263 sena-

474 2300 737 2341 tusconsulto
773 2301 838 2341 ius
885 2301 990 2341 illud
1032 2300 1112 2341 sibi
1151 2299 1356 2341 audacter
1390 2300 1643 2342 vindicasse.
1704 2299 1993 2341 Immoderate
2035 2302 2148 2341 enim
2187 2305 2232 2343 et
2265 2302 2328 2342 in-

472 2382 596 2432 grate
635 2378 814 2419 abusnm
854 2393 947 2419 eum
990 2392 1083 2419 esse
1129 2384 1302 2419 senatus
1332 2377 1553 2426 >facilitate
1592 2378 1740 2420 Cicero
1779 2378 1899 2430 (fam.
1942 2382 2011 2429 12,
2046 2384 2088 2429 1,
2121 2383 2166 2428 2)
2209 2379 2329 2422 dixit.

474 2456 699 2504 Audirem,
728 2456 810 2497 nisi
840 2457 1045 2497 memoria
1077 2453 1181 2511 legis
1222 2458 1432 2498 Antoniae
1468 2458 1521 2498 de
1557 2458 1664 2499 actis
1705 2457 1904 2499 Caesaris
1943 2458 2249 2500 confirmandis
2286 2461 2329 2500 in

472 2536 665 2577 oratione
703 2536 940 2590 Philippica
970 2537 1118 2589 quinta
1150 2541 1406 2590 superesset.
1468 2536 1588 2587 Quae
1621 2550 1698 2578 cur
1730 2540 1980 2590 spernatur,
2012 2551 2061 2580 eo
2092 2538 2234 2580 minus
2266 2539 2328 2579 in-

469 2614 612 2667 tellegi
633 2618 795 2668 potest,
824 2615 936 2667 quod
969 2616 1060 2656 sine
1091 2615 1219 2657 dubio
1250 2616 1303 2657 M.
1321 2615 1497 2657 Antonii
1521 2615 1703 2657 maxime
1734 2616 1954 2667 intererat,
1985 2622 2045 2667 ut,
2077 2611 2172 2659 cum
2204 2631 2328 2660 sena-

467 2698 556 2732 tum
590 2685 895 2734 adversantem
926 2693 1009 2734 sibi
1039 2693 1230 2743 haberet,
1262 2694 1407 2747 populi
1436 2695 1557 2735 iussu
1588 2693 1770 2735 abusum
1802 2696 2203 2738 commentariorum
2225 2696 2329 2738 Cae·

472 2786 513 2812 sa
523 2773 595 2819 ris,
626 2773 782 2825 quibus
812 2772 928 2812 abuti
958 2773 1047 2812 sine
1070 2772 1199 2814 dubio
1225 2773 1308 2814 iam
1332 2773 1492 2814 dudum
1515 2772 1630 2826 apud
1652 2787 1697 2814 se
1718 2775 2016 2825 constituerat,
2037 2777 2149 2817 tueri
2170 2781 2327 2829 posset,

467 2856 510 2891 et
558 2865 658 2891 sane
705 2853 741 2891 is
787 2858 898 2897 erat,
948 2852 1019 2904 qui
1060 2852 1194 2904 legem
1239 2852 1405 2893 senatui
1440 2852 1654 2905 ingratam
1702 2867 1778 2906 per
1816 2855 1901 2895 vim
1949 2853 2042 2895 foro
2090 2855 2235 2897 clauso
2284 2860 2329 2896 et

467 2929 939 2984 praesidiisdispositis
969 2930 1143 2972 absente
1181 2934 1224 2973 et
1263 2931 1396 2973 invito
1436 2931 1598 2985 populo
1636 2947 1735 2974 vero
1767 2935 1958 2986 perferre
1990 2948 2073 2975 non
2106 2932 2328 2976 dubitaret

464 3010 532 3063 (cf.
565 3010 668 3050 Phil.
700 3015 738 3059 5,
769 3015 808 3059 4,
841 3013 880 3050 9.
915 3015 932 3050 l
984 3012 1046 3059 10,
1080 3013 1163 3062 25).
1230 3010 1350 3059 Quod
1389 3014 1534 3051 autem
1578 3012 1784 3052 memoria
1815 3013 1931 3053 illius
1975 3012 2082 3065 legis
2120 3027 2205 3055 uno
2237 3013 2328 3055 solo
