2919 3849
492 1223 693 1301 Certum
725 1261 790 1299 est
827 1258 860 1299 si
897 1258 1126 1312 quidquam
1163 1257 1295 1308 aliud,
1327 1260 1375 1298 ut
1413 1258 1457 1299 in
1497 1258 1640 1312 priore
1679 1257 1804 1299 huius
1846 1256 2217 1299 commentationis
2248 1270 2343 1310 par-

492 1336 623 1379 ticula
661 1337 858 1388 vidimus,
899 1352 925 1379 a
961 1336 1014 1380 M.
1055 1337 1239 1379 Antonio
1284 1337 1420 1390 legem
1465 1336 1518 1378 de
1561 1335 1776 1378 dictatura
1819 1334 2008 1377 tollenda
2051 1334 2181 1377 latam
2230 1349 2342 1386 esse;

495 1415 624 1457 nihilo
654 1419 797 1457 tamen
835 1417 973 1457 minus
1003 1415 1116 1469 leges
1146 1416 1354 1458 Antonias
1386 1416 1438 1474 de
1479 1415 1587 1457 actis
1625 1415 1825 1457 Caesaris
1869 1413 2171 1456 confirmandis
2206 1418 2258 1455 vet
2290 1414 2342 1456 de

494 1494 655 1535 colonis
685 1494 729 1535 in
760 1507 885 1548 agros
916 1493 1186 1544 deducendis,
1217 1508 1323 1547 quas
1355 1494 1504 1536 Cicero
1536 1508 1586 1537 eo
1616 1494 1723 1544 loco,
1754 1495 1867 1536 unde
1898 1493 2145 1548 disputandi
2175 1494 2340 1535 initium

494 1559 669 1614 fecimus
712 1573 835 1627 (Phil.
868 1576 910 1621 5,
949 1576 996 1623 4,
1033 1573 1120 1625 10),
1157 1586 1251 1613 cum
1291 1573 1384 1626 lege
1424 1563 1502 1614 illa'
1527 1572 1765 1622 coniunxit,
1803 1573 1966 1614 frustra
2004 1571 2120 1625 apud
2157 1571 2341 1614 indicum

494 1650 635 1703 legum
654 1651 939 1692 Romanarum
951 1647 1168 1701 auctores,
1190 1650 1352 1693 frustra
1373 1652 1485 1706 apud
1509 1653 1815 1699 Drumannum‚
1848 1650 2093 1701 Hoeckium‚
2125 1650 2337 1701 Peterum,

497 1729 758 1770 Merivalium
787 1752 832 1759 —
858 1729 934 1770 hos
965 1729 1077 1772 solos
1099 1732 1280 1781 nomino,
1313 1731 1412 1785 quia
1439 1731 1589 1772 horum
1621 1731 1806 1772 solorum
1835 1730 1968 1771 libros
1989 1730 2213 1771 historicos
2231 1743 2343 1771 nunc

495 1809 633 1849 evolvi
665 1833 715 1839 —
749 1810 1020 1862 quaesiveris.

609 1888 670 1929 Ac
699 1886 890 1940 profecto
920 1889 1037 1943 leqem
1073 1890 1285 1930 Antoniam
1316 1891 1362 1930 de
1391 1884 1483 1929 actis
1521 1888 1699 1930 Caesaris
1735 1890 2034 1942 confirmandis,
2076 1902 2203 1942 quam
2245 1887 2343 1929 Bai-

494 1970 613 2006 terus
644 1966 813 2007 omnino
844 1979 926 2006 non
958 1966 1309 2016 commemoravit,
1343 1980 1601 2025 quamquam
1631 1965 1751 2007 locus
1769 1966 2030 2020 Philippicae
2068 1967 2242 2020 quintae
2271 1980 2342 2008 no-

494 2049 564 2085 tus
596 2045 634 2085 ei
665 2048 767 2094 erat,
801 2043 973 2084 Reinius
1005 2044 1113 2085 mira
1142 2044 1396 2086 confidentia
1427 2043 1696 2085 statuendam
1728 2058 1822 2085 esse
1848 2045 2031 2097 negavit.
2083 2045 2199 2086 Dicit
2229 2046 2341 2085 enim

496 2124 633 2177 legem
663 2123 778 2164 illam
810 2137 836 2164 a
874 2122 1076 2164 Cicerone
1116 2122 1220 2166 Phil.
1252 2128 1296 2174 5,
1327 2127 1353 2165 4
1390 2127 1764 2166 commemoratam
1802 2137 1887 2165 non
1926 2123 2058 2165 fuisse
2092 2124 2229 2178 legem
2269 2123 2343 2166 sed

495 2202 923 2244 senatusconsultum.
999 2201 1082 2244 Sed
1104 2202 1252 2244 vellem
1275 2202 1477 2257 exemplis
1508 2202 1843 2245 demonstrasset
1873 2203 1978 2245 iuris
2008 2203 2225 2245 vocabulis
2255 2208 2342 2245 tam

493 2280 767 2336 neglegenter
804 2281 1050 2323 Ciceronem
1081 2295 1201 2322 usum
1232 2295 1343 2331 esse,
1389 2284 1437 2323 ut
1467 2281 1605 2336 legem
1642 2296 1720 2337 pro
1752 2282 2127 2324 senatusconsulto
2167 2282 2341 2333 diceret,

493 2360 602 2414 quin·
628 2361 756 2403 etiam
787 2359 929 2402 verbis
958 2362 1057 2413 leqes
1089 2362 1219 2403 tulisse
1248 2361 1389 2403 dicitur
1418 2360 1461 2403 in
1491 2375 1578 2403 una
1608 2361 1843 2416 eademque
1873 2362 2048 2416 periodo
2076 2362 2260 2416 primum
2291 2361 2344 2404 de

493 2439 866 2482 senatusconsulto
899 2453 925 2481 a
962 2438 1014 2481 M.
1054 2440 1236 2482 Antonio
1276 2439 1408 2491 facto,
1455 2439 1609 2482 deinde
1648 2440 1701 2482 de
1736 2440 1831 2495 lege
1874 2457 1900 2484 a
1937 2442 1993 2484 M.
2028 2441 2215 2484 Antonio
2254 2440 2344 2483 lata

496 2522 700 2559 uteretur.
752 2516 947 2558 Ceterum
979 2531 1032 2558 ex
1062 2517 1164 2559 locis
1186 2517 1400 2559 Ciceronis
1432 2522 1475 2560 et
1496 2519 1689 2572 Appiani,
1722 2533 1828 2572 quos
1861 2520 2034 2561 Reinius
2064 2519 2183 2561 nulla
2213 2519 2344 2573 expli—

496 2597 665 2639 catione
709 2597 877 2638 adiecta
922 2595 1166 2650 adscripsit,
1217 2612 1313 2639 eum
1357 2598 1400 2639 in
1445 2604 1587 2639 mente
1619 2598 1821 2640 habuisse
1859 2604 2040 2653 apparet
2076 2599 2343 2641 notissimum

496 2675 601 2717 illud
653 2676 1088 2726 senatusconsultum,
1153 2676 1266 2730 quod
1317 2676 1588 2719 Liberalibus
1642 2680 1699 2727 (a.
1738 2677 1778 2719 d.
1827 2677 1927 2719 XVI
1966 2677 2062 2719 Kal.
2104 2678 2253 2732 April.)
2301 2680 2345 2720 in

495 2754 603 2797 aede
644 2753 825 2795 Telluris
863 2753 1023 2796 factum
1062 2758 1151 2806 est,
1203 2769 1286 2809 quo
1328 2759 1371 2797 et
1411 2755 1564 2798 oblivio
1596 2756 1740 2799 caedis
1771 2757 1969 2800 Caesaris
2001 2757 2176 2799 decreta
2206 2762 2272 2800 est
2303 2763 2346 2800 et

496 2838 595 2876 acta
624 2833 820 2876 Caesaris
863 2834 979 2888 pacis
1017 2847 1148 2876 eausa
1183 2833 1435 2877 confirmata
1476 2839 1586 2878 sunt.
1657 2836 1865 2890 Opinatus
1896 2837 2062 2879 videtur
2092 2850 2188 2879 esse
2218 2862 2274 2869 —-
2307 2843 2348 2879 et

495 2926 548 2955 ea
578 2917 642 2955 est
672 2912 813 2967 opinio
853 2912 1089 2956 Drumauni
1125 2927 1292 2968 quoque
1323 2914 1487 2969 (1,108)
1527 2921 1568 2956 et
1606 2915 1868 2969 reliquorum
1901 2930 2009 2970 quos
2042 2920 2171 2958 antea
2210 2917 2349 2958 nomi-

496 2992 593 3036 navi
645 2992 942 3035 historicorum
993 3018 1042 3023 —
1092 2993 1146 3036 M.
1191 2993 1435 3051 Antonium,
1492 3009 1586 3037 cum
1646 3009 1697 3036 ex
1745 2996 2058 3038 commentariis
2113 3005 2155 3038 et
2211 2997 2351 3039 chiro-

2021 3063 2066 3096 1*
