2919 3849
1400 407 1460 449 14.

499 538 567 577 est
585 535 698 576 enim
719 538 913 578 senatum
935 533 1087 577 eodem
1108 538 1313 590 tempore,
1330 549 1415 591 quo
1436 536 1551 592 leges
1568 536 1622 580 M.
1634 539 1808 581 Antonii
1828 539 2012 592 rescidit,
2033 539 2285 594 decrevisse,
2301 551 2350 587 ut

497 627 584 656 non
603 614 743 656 solum
772 614 844 657 lex
874 613 927 656 (16
957 612 1174 656 dictatura
1201 613 1246 655 in
1273 620 1522 670 perpetuum
1552 614 1745 660 tollenda
1773 620 1816 660 et
1844 617 1915 661 lex
1942 618 1998 661 de
2025 620 2132 663 actis
2153 619 2349 665 Caesaris

496 692 813 743 confirmandis,
842 692 918 734 sed
949 692 1078 735 etiam
1107 691 1178 735 lex
1207 692 1261 734 (16
1292 691 1454 736 colonis
1483 694 1527 736 in
1556 708 1681 750 agros
1711 676 1984 750 deducendis,
2012 698 2076 741 ita
2105 699 2168 741 uti
2194 699 2344 742 Cicero

498 773 594 817 Kal.
626 775 718 817 Ian.
747 772 1054 829 postulaverat,
1084 771 1138 814 (16
1167 772 1337 826 integro
1357 772 1549 825 ferretur,
1579 773 1710 830 idque
1732 775 1951 829 negotium
1970 775 2017 821 C.
2037 775 2162 821 Vibio
2181 778 2347 822 Pansae

499 853 666 898 consuli
694 852 938 906 mandasse,
969 864 1098 907 quem
1127 864 1272 896 mense
1312 851 1547 897 Februario
1577 853 1630 897 de
1664 853 1772 897 actis
1813 853 2011 897 Caesaris
2045 855 2347 900 confirmandis

498 933 682 979 comitiis
723 930 973 978 centuria-tis
1010 930 1067 974 ad
1106 930 1309 987 populum
1351 931 1540 975 laturum
1573 933 1704 977 fuisse
1746 934 1901 977 scimus
1937 934 2063 990 (Phil.
2097 940 2162 987 10,
2192 942 2230 990 8,
2263 939 2346 992 17).

612 1012 949 1068 Distinguendas
993 1023 1086 1053 esse
1135 1010 1242 1053 duas
1277 1009 1395 1065 leges
1434 1011 1562 1054 etiam
1607 1025 1660 1055 ex
1706 1016 1898 1069 tempore
1934 1015 2042 1070 legis
2086 1018 2284 1070 agrariae
2321 1032 2347 1059 a

500 1093 631 1136 Lucio
668 1092 784 1135 latae
821 1092 1069 1144 comparato
1107 1101 1202 1129 cum
1239 1089 1416 1131 coloniis
1446 1103 1475 1131 a
1511 1090 1567 1132 M.
1598 1091 1781 1134 Antonio
1816 1092 1860 1134 in
1895 1106 2046 1148 agrum
2084 1094 2343 1149 Campanum

499 1172 697 1216 deductis
739 1170 1022 1226 cognoscitur.
1087 1168 1197 1210 Nam
1234 1167 1348 1222 quod
1382 1167 1521 1223 legem
1562 1170 1778 1224 agrariam
1821 1185 1847 1212 a
1882 1171 1929 1213 L.
1966 1171 2150 1216 Antonio
2200 1186 2344 1215 mense

497 1251 633 1308 Aprili
652 1251 788 1295 latam
809 1262 903 1292 esse
924 1247 1218 1289 demonstrare
1239 1246 1495 1290 studuerunt
1514 1251 1558 1290 et
1578 1249 1849 1292 Drumannus
1879 1255 1923 1293 et
1952 1251 2194 1307 Zumptius,
2218 1252 2262 1294 id
2294 1267 2346 1295 ea

496 1329 794 1375 tantummodo
824 1341 870 1369 re
900 1326 1069 1367 efficere
1099 1329 1348 1379 potuerunt,
1390 1327 1506 1379 quod
1535 1327 1722 1369 colonias
1753 1330 1796 1370 in
1833 1342 1986 1382 agrum
2025 1330 2288 1384 Campanum
2318 1346 2346 1374 a

495 1411 551 1453 M.
591 1410 777 1452 Antonio
813 1421 957 1449 mense
995 1406 1109 1447 Maio
1140 1404 1346 1447 deductas
1381 1406 1483 1460 (Cic.
1513 1406 1620 1448 Phil.
1653 1410 1698 1458 2,
1735 1412 1803 1459 40,
1839 1412 1937 1460 1023
1975 1408 2028 1451 cf.
2064 1409 2121 1453 ad
2156 1410 2247 1453 Att.
2282 1414 2343 1455 14.

497 1493 563 1539 17,
594 1493 631 1532 2.
666 1493 729 1539 14,
761 1491 827 1536 21,
858 1488 915 1541 2),
945 1498 1031 1527 non
1061 1487 1264 1527 curantes
1293 1484 1430 1539 legem
1460 1485 1596 1527 Marci
1628 1485 1681 1527 de
1711 1486 1872 1529 colonis
1900 1487 1945 1529 in
1974 1502 2102 1542 agros
2132 1488 2342 1532 deducen-

499 1569 584 1621 dis,
615 1582 668 1610 ex
697 1568 792 1623 lege
821 1565 940 1609 Lucii
970 1562 1175 1607 deductas
1206 1576 1300 1606 esse
1338 1563 1418 1606 sibi
1447 1569 1760 1619 persuaserant.
1820 1564 1932 1609 Hinc
1966 1565 2128 1610 factum
2169 1571 2257 1618 est,
2295 1572 2344 1610 ut
2383 1560 2388 1564 ’

497 1648 648 1689 Dionis
679 1647 817 1689 Cassii
845 1642 1135 1686 testimonium
1155 1642 1198 1684 in
1228 1656 1347 1685 suam
1378 1643 1629 1686 sententiam
1659 1644 2062 1699 interpretarentur,
2093 1646 2168 1702 qui
2198 1647 2285 1701 (45,
2298 1648 2341 1701 9)
2391 1681 2406 1686 ,.

494 1727 636 1781 legem
666 1740 693 1767 a
721 1725 854 1766 Lucio
884 1723 1018 1764 latam
1048 1734 1142 1762 esse
1173 1733 1223 1762 eo
1252 1724 1442 1774 tempore
1473 1724 1678 1772 testatur,
1711 1735 1796 1776 quo
1826 1721 1882 1765 M.
1916 1724 2127 1767 Antonius
2160 1724 2206 1767 C.
2236 1723 2342 1767 Cae-

494 1819 633 1847 sarem
671 1803 951 1845 Octavianum
990 1799 1220 1842 multorum
1260 1799 1413 1841 civium
1442 1800 1627 1853 gratiam
1666 1800 1748 1842 sibi
1791 1801 2039 1845 conciliasse
2077 1803 2342 1846 animadver-

490 1887 617 1925 terat.
669 1883 763 1923 Hoc
792 1883 936 1922 autem
965 1892 1064 1928 non,
1095 1882 1144 1919 ut
1172 1877 1233 1918 illi
1262 1876 1420 1928 volunt,
1458 1880 1558 1920 ante
1586 1877 1671 1920 iter
1700 1878 1745 1920 in
1777 1878 2053 1934 Campaniam
2084 1885 2339 1936 susceptum,

490 1962 604 2016 quod
634 1975 683 2003 eo
713 1965 905 2014 tempore
935 1958 1049 2007 iniit,
1079 1970 1164 2011 quo
1195 1955 1454 1999 Octavianus
1483 1955 1670 1999 nondum
1698 1955 1881 2002 Romam
1910 1961 2108 2011 venerat,
2147 1957 2222 2003 sed
2252 1962 2340 2002 tum

492 2041 661 2083 demum
692 2038 1033 2081 animadvertere
1062 2035 1218 2089 potuit,
1249 2049 1344 2077 cum
1374 2049 1428 2078 ex
1456 2035 1607 2078 itinere
1637 2049 1783 2092 mense
1805 2037 1944 2092 Aprili
1974 2041 2173 2093 suscepto
2203 2038 2339 2081 redux

490 2125 583 2161 erat
620 2124 662 2160 et
698 2119 743 2160 C.
791 2117 1071 2160 Octavianum
1116 2115 1255 2168 legem
1292 2114 1502 2157 curiatam
1540 2114 1594 2157 de
1630 2115 1858 2170 adoptione
1899 2130 1927 2159 a
1963 2130 2009 2159 se
2052 2116 2337 2171 postulantem

488 2197 655 2239 viderat
691 2195 762 2250 (cf.
788 2195 867 2236 Dio
891 2195 937 2236 C.
968 2198 1036 2244 45,
1067 2197 1113 2243 5,
1153 2193 1226 2247 qui
1254 2193 1299 2234 in
1329 2192 1606 2247 sequentibus
1636 2194 1842 2236 nonnulla
1871 2175 2158 2249 praepostere*
2178 2200 2338 2245 narrat,

487 2288 597 2330 quae
617 2274 832 2317 mensibus
855 2272 1026 2316 demum
1045 2271 1166 2314 Iunio
1188 2274 1233 2313 et
1251 2271 1360 2314 Iulio
1381 2270 1501 2314 facta
1530 2273 1659 2326 sunt).
1697 2272 1759 2315 Ac
1784 2270 1982 2327 profecto
2003 2285 2147 2316 mense
2166 2273 2337 2316 demum

490 2355 613 2398 Iunio
650 2355 789 2410 legem
819 2352 1032 2409 agrariam
1064 2365 1091 2394 a
1120 2350 1251 2394 Lucio
1280 2350 1414 2395 latam
1444 2364 1538 2393 esse
1566 2350 1666 2394 inde
1695 2351 1972 2407 perspicitur,
2011 2352 2126 2408 quod
2156 2358 2338 2409 septem-

489 2434 612 2486 viros,
644 2447 752 2489 quos
782 2432 931 2477 statim
960 2434 1059 2487 post
1087 2430 1224 2486 legem
1252 2431 1386 2473 latam
1417 2434 1584 2473 creatos
1614 2443 1710 2473 6886
1737 2444 1815 2485 per
1844 2445 1889 2474 86
1918 2434 2058 2486 patet,
2088 2445 2233 2474 mense
2270 2433 2340 2474 Iu-

487 2515 558 2556 m'o
588 2513 679 2556 fere
710 2513 850 2556 medio
880 2515 1051 2555 creatos
1082 2523 1175 2553 esse
1205 2510 1352 2553 Cicero
1383 2514 1570 2553 testatur
1599 2510 1672 2561 (ad
1701 2510 1788 2554 Att.
1823 2514 1887 2563 15,
1923 2513 1985 2564 19,
2018 2512 2079 2567 2):
2131 2511 2212 2554 Dic
2241 2513 2339 2555 mila·

491 2594 532 2636 C.
564 2596 770 2637 Antonius
798 2594 972 2636 voluitne
1007 2592 1100 2646 fieri
1135 2588 1368 2646 sepoemvir?
1426 2590 1587 2645 Diymoe
1624 2597 1728 2633 certe
1766 2590 1854 2642 fuit.
1909 2590 2002 2643 Quo
2038 2590 2084 2634 in
2119 2590 2212 2633 loco
2253 2605 2337 2634 non

488 2671 666 2715 fratrem
711 2672 788 2715 sed
826 2674 1030 2726 patruum
1070 2668 1116 2711 C.
1145 2668 1374 2711 Antonium
1406 2668 1527 2717 dicit,
1565 2672 1614 2711 ut
1650 2681 1704 2711 ex
1733 2667 1842 2712 Phil.
1874 2672 1919 2720 2,
1953 2672 2025 2720 38,
2057 2672 2110 2711 99
2141 2677 2333 2725 apparet.

486 2752 663 2794 Accedit
693 2751 807 2805 quod
833 2750 985 2792 Cicero
1020 2761 1168 2791 mense
1190 2747 1310 2790 Iunio
1339 2748 1489 2791 timere
1519 2749 1671 2804 coepit,
1702 2761 1755 2791 ne
1775 2748 1822 2792 L.
1843 2748 2068 2799 Antonius,
2100 2748 2219 2791 cuius
2239 2748 2333 2804 lege

484 2832 614 2874 etiam
644 2830 835 2885 privatos
866 2843 992 2884 agros
1022 2828 1067 2871 in
1095 2826 1328 2883 periculum
1359 2826 1538 2869 adactos
1574 2841 1669 2871 esse
1698 2827 1855 2871 scimus
1896 2825 2020 2882 (Phil.
2056 2829 2119 2880 13,
2151 2830 2214 2879 18,
2247 2831 2332 2883 37),

488 2910 642 2952 fundos
673 2923 774 2953 suos
805 2912 849 2952 et
868 2907 990 2951 villas
1011 2910 1239 2962 occuparet
1269 2911 1312 2949 et
1342 2905 1550 2949 divideret
1578 2906 1654 2962 (ad
1683 2906 1773 2950 Att.
1800 2909 1863 2960 15,
1887 2908 1952 2959 12,
1984 2907 2041 2962 2).
2077 2906 2228 2962 Itaque
2257 2921 2332 2962 ap-

481 2993 606 3044 paret
636 2988 692 3030 ad
720 2987 861 3044 legem
890 2987 1011 3030 Lucii
1040 2990 1139 3041 post
1173 2984 1267 3029 Kal.
1297 2985 1389 3028 Iun.
1418 2985 1553 3028 latam
1583 2984 1813 3029 referenda
1842 2999 1935 3028 esse
1955 2986 2086 3029 verba
2115 2985 2331 3029 Ciceronis

484 3067 608 3124 (Phil.
643 3070 677 3121 1,
709 3071 748 3121 2,
780 3066 845 3124 6);
896 3065 1095 3111 Kalendis
1130 3067 1264 3109 Iuniis
1296 3074 1445 3108 mutata
1478 3067 1627 3116 omm‘a,
1667 3065 1766 3107 nihil
1784 3080 1862 3123 per
1894 3073 2093 3117 senatum,
2138 3065 2263 3107 multa
2291 3082 2330 3108 ec
