2919 3849
0 3787 54 3821 2³5³·-
101 3820 104 3825 ,

0 3824 86 3849 &zm-25·

1116 352 1473 396 ——13

537 488 599 533 11,
634 487 671 533 6,
717 484 800 536 13),
840 495 927 536 qua
964 495 1013 524 re
1051 481 1241 526 confusio
1280 483 1459 526 duarum
1497 483 1638 537 legum
1677 481 1993 537 quodammodo
2035 487 2276 535 excusatur,
2317 498 2370 526 ex

532 562 628 616 lege
647 560 769 602 Lucii
798 564 967 603 creatos
997 575 1090 604 esse
1120 566 1286 605 constat
1316 562 1420 614 (Cic.
1441 561 1548 604 Phil.
1580 565 1616 612 5,
1651 565 1687 612 7,
1719 563 1784 603 21.
1818 563 1856 610 6,
1886 564 1923 611 5,
1959 564 2028 612 14;
2059 560 2108 604 cf.
2138 563 2203 614 12,
2235 565 2273 614 9,
2303 566 2368 606 23.

535 643 607 690 13,
641 642 712 689 12,
744 641 829 692 26).
896 640 1073 683 Accedit
1108 641 1221 695 quod
1262 641 1347 683 duo
1390 640 1466 683 illa
1500 640 1719 694 postulata
1754 639 1810 682 M.
1840 639 2015 682 Antonii
2057 639 2186 682 etiam
2230 655 2281 683 ea
2323 656 2369 685 re

533 718 703 760 diversa
732 720 842 769 sunt,
872 719 986 772 quod
1014 719 1225 762 Antonius
1256 733 1340 761 non
1370 718 1444 769 ita,
1474 722 1524 760 ut
1551 720 1596 760 in
1626 719 1701 769 eis,
1732 717 1888 772 quibus
1914 719 2005 771 ipse
2026 731 2121 760 cum
2142 718 2369 762 Dolabella

533 795 698 838 dederit
735 809 872 851 agros,
914 797 1118 852 postulat,
1158 801 1207 839 ut
1245 797 1296 847 ei,
1339 796 1493 850 quibus
1532 810 1558 838 a
1588 796 1856 850 septemviris
1897 796 1987 837 dati
2024 795 2111 837 sint
2148 798 2252 849 agri,
2299 811 2373 839 eos

532 877 717 917 teneant.
778 874 950 918 Scilicet
989 889 1040 918 eo
1069 879 1275 930 tempore,
1318 887 1401 929 quo
1431 873 1486 916 M.
1516 874 1726 917 Antonius
1767 874 1919 929 legatis
1957 877 2130 916 senatus
2165 875 2370 918 mandata

533 951 607 993 illa
652 952 785 1002 dedit,
826 953 939 1008 leges
975 954 1112 996 Marci
1147 953 1317 995 Antonii
1363 952 1551 994 nondum
1595 953 1792 995 sublatae
1832 956 1956 993 erant
1993 976 2050 983 —-
2084 965 2184 994 nam
2226 968 2369 996 mense

533 1032 698 1073 demum
715 1032 951 1074 Februario
968 1032 1179 1075 rescissae
1200 1036 1301 1073 sunt
1322 1055 1387 1082 —,
1408 1032 1479 1073 lex
1500 1034 1645 1073 autem
1666 1031 1838 1084 agraria
1867 1030 1989 1072 Lucii
2008 1030 2180 1072 Antonii
2210 1034 2253 1072 et
2277 1036 2375 1074 acta

535 1111 830 1164 septemvirum
860 1111 937 1164 ita,
967 1115 1017 1154 ut
1047 1110 1195 1154 Cicero
1223 1110 1318 1153 Kal.
1339 1110 1428 1153 Ian.
1458 1109 1754 1164 postulaverat
1785 1109 1907 1162 (Phil.
1940 1116 1978 1160 5,
2010 1112 2046 1160 3,
2079 1111 2116 1152 8.
2149 1113 2185 1161 5,
2219 1114 2254 1163 7,
2286 1113 2370 1163 21),

530 1189 615 1232 iam
644 1189 780 1244 pridie
807 1189 914 1234 Non.
940 1190 1031 1233 Ian.
1070 1189 1440 1234 senatusconsulto
1471 1188 1516 1231 in
1546 1189 1798 1233 sententiam
1829 1187 1875 1231 L.
1907 1188 2101 1231 Caesaris
2132 1188 2245 1230 facto
2276 1189 2369 1231 sub-

531 1266 621 1312 lata
647 1270 770 1312 erant
800 1266 902 1322 (Cic.
932 1267 1039 1313 Phil.
1073 1271 1109 1321 6,
1143 1271 1180 1320 5,
1215 1270 1276 1311 14.
1314 1269 1377 1320 11,
1410 1270 1447 1319 6,
1479 1268 1561 1321 13).
1622 1266 1740 1319 Quae
1771 1279 1867 1309 cum
1908 1268 1968 1309 ita
2000 1268 2097 1319 sint,
2129 1281 2201 1311 eos
2232 1281 2373 1324 agros,

530 1348 603 1402 qui
632 1347 675 1389 in
712 1360 816 1402 agro
855 1346 1071 1402 Campano
1101 1350 1145 1389 et
1174 1346 1382 1390 Leontino
1422 1360 1449 1389 a
1483 1346 1538 1389 M.
1568 1345 1751 1387 Antonio
1789 1346 1834 1388 P.
1865 1346 2091 1388 Dolabella
2130 1347 2372 1389 consulibus

529 1426 620 1469 dati
649 1426 855 1482 assignati
885 1429 996 1478 sunt,
1026 1439 1112 1469 non
1144 1439 1196 1468 ex
1225 1425 1320 1481 lege
1350 1425 1524 1481 agraria
1553 1425 1673 1467 Lucii
1703 1425 1827 1468 datos
1858 1425 2098 1480 assignatos
2121 1439 2213 1467 esse
2234 1427 2371 1480 sequi-

529 1510 609 1549 tur.
670 1506 761 1558 Qua
798 1505 1165 1561 argumentatione
1207 1504 1331 1547 simul
1371 1504 1450 1547 hoc
1488 1503 1722 1557 effecimus,
1771 1507 1820 1546 ut
1857 1518 1942 1547 non
1981 1505 2119 1547 solum
2160 1518 2222 1557 ea,
2263 1518 2371 1560 quae

528 1586 580 1627 de
611 1599 714 1640 agro
743 1585 961 1633 Leontino,
991 1584 1067 1627 sed
1098 1584 1227 1627 etiam
1256 1597 1319 1634 ea,
1351 1597 1462 1638 quae
1493 1583 1545 1626 de
1575 1597 1680 1638 agro
1713 1578 1930 1638 Campano
1962 1584 2064 1637 (Cic.
2095 1584 2199 1626 Phil.
2232 1588 2271 1634 2,
2305 1588 2369 1636 17,

495 1691 498 1693 Δ
529 1666 595 1705 43.
629 1665 666 1715 2,
697 1665 762 1716 39,
798 1666 888 1705 101.
924 1666 986 1715 10,
1022 1665 1083 1715 10,
1118 1665 1183 1705 22.
1220 1666 1282 1714 11,
1315 1666 1351 1714 5,
1385 1664 1454 1714 12)
1487 1662 1696 1714 dicuntur,
1728 1662 1784 1704 ad
1816 1662 1951 1717 legem
1981 1663 2116 1705 Marci
2145 1662 2371 1705 referenda

528 1754 618 1783 esse
648 1748 868 1796 appareat.

640 1819 833 1862 Alterum
870 1819 1005 1874 ipsius
1041 1818 1096 1861 Μ.
1134 1819 1307 1861 Antonii
1342 1819 1632 1861 testimonium
1671 1819 1885 1862 invenitur
1924 1820 1968 1861 in
2007 1820 2201 1875 epistula,
2240 1835 2368 1875 quam

528 1899 599 1941 ille
630 1912 775 1941 mense
805 1885 961 1940 Martio
991 1902 1093 1953 post
1123 1897 1315 1940 sublatas
1344 1898 1460 1953 leges
1491 1912 1591 1940 suas
1621 1898 1677 1941 ad
1708 1899 1897 1941 Hirtium
1920 1904 1963 1941 et
1986 1900 2213 1942 Caesarem
2235 1901 2367 1955 scrip-

525 1979 598 2027 sit,
643 1992 774 2033 quam
805 1977 954 2020 Cicero
984 1978 1028 2019 in
1058 1977 1294 2031 Philippica
1324 1978 1486 2020 decima
1514 1978 1646 2020 tertia
1687 1978 1765 2020 sub
1797 1978 1927 2021 finem
1958 1980 2116 2021 mensis
2146 1979 2294 2022 Martii
2322 1981 2366 2022 in

528 2063 681 2100 senatu
709 2058 859 2100 habita
887 2057 1161 2099 acerbissime
1197 2057 1459 2111 perstringit.
1524 2058 1574 2099 In
1611 2071 1663 2099 ea
1699 2058 1809 2099 enim
1850 2058 2033 2111 epistula
2070 2058 2123 2100 M.
2156 2061 2367 2103 Antonius

524 2136 696 2191 scripsit
734 2140 820 2191 (13,
855 2139 919 2188 15,
951 2138 1040 2189 31);
1109 2137 1387 2180 Veteranorum
1416 2136 1597 2184 colonias,
1635 2137 1818 2179 deductas
1848 2138 1926 2193 Zeye
1965 2145 1999 2178 et
2026 2140 2367 2187 senatusconsulta

523 2218 741 2258 sastzddstis.
771 2215 972 2259 Colonias
994 2216 1064 2258 hic
1092 2215 1400 2269 intellegendas
1421 2228 1514 2258 esse
1537 2229 1621 2265 eas,
1643 2229 1751 2269 quas
1772 2216 1862 2269 ipse
1884 2216 2094 2259 Antonius
2117 2216 2364 2269 deduxerat,

525 2309 705 2347 quarum
726 2295 991 2338 coloniarum
1012 2309 1074 2345 ea,
1095 2310 1205 2348 quae
1221 2294 1453 2336 Casilinum
1469 2294 1653 2336 deducta
1671 2299 1776 2344 erat,
1809 2299 1912 2336 nota
1931 2299 1997 2336 est
2018 2294 2088 2346 (cf.
2112 2294 2218 2339 Phil.
2243 2300 2278 2348 2,
2300 2301 2365 2348 40,

528 2375 617 2414 102.
638 2377 676 2426 5,
701 2376 741 2426 2,
763 2376 819 2425 3),
851 2388 976 2415 nemo
1007 2372 1194 2427 negabit.
1234 2372 1350 2422 Quas
1380 2386 1473 2415 cum
1505 2372 1872 2416 senatusconsulto
1894 2372 2100 2415 deductas
2123 2387 2215 2415 esse
2238 2374 2365 2426 dicat,

523 2466 603 2496 non
623 2465 748 2507 posse
769 2453 864 2507 lege
884 2451 1003 2495 Lucii
1025 2450 1230 2495 deductas
1252 2465 1343 2495 esse
1363 2454 1496 2506 patet,
1527 2452 1729 2508 quoniam
1750 2452 1856 2494 haec
1876 2451 1945 2494 lex
1966 2453 2057 2494 sine
2080 2453 2209 2495 dubio
2230 2454 2363 2497 invito

522 2533 565 2574 et
594 2529 852 2575 adversante
883 2533 1038 2575 senatu
1067 2529 1157 2575 lata
1187 2533 1263 2574 est.
1322 2530 1385 2574 De
1417 2543 1496 2574 sua
1524 2531 1655 2586 igitur
1691 2531 1822 2586 ipsius
1859 2531 1953 2586 lege
1990 2531 2112 2586 queri
2147 2533 2204 2574 M.
2237 2535 2365 2575 Anto-

521 2611 636 2653 nium
676 2615 913 2654 statuamus
951 2624 1125 2653 necesse
1165 2594 1250 2662 est,
1289 2623 1341 2652 ex
1382 2624 1467 2665 qua
1505 2610 1596 2665 ipse
1639 2624 1732 2654 cum
1777 2609 2001 2655 Dolabella
2038 2624 2166 2666 agros
2205 2611 2366 2656 colonis

520 2692 726 2735 diviserat
755 2690 882 2744 (Phil.
915 2693 953 2742 8,
984 2693 1022 2743 8,
1054 2692 1139 2743 25),
1170 2704 1296 2744 quam
1327 2704 1421 2733 cum
1453 2690 1609 2733 ceteris
1640 2690 1727 2734 suis
1758 2689 1923 2746 legibus
1955 2704 2098 2733 mense
2128 2690 2365 2737 Februario

520 2771 746 2814 rescissam
776 2783 868 2812 esse
897 2773 989 2811 tum
1019 2783 1104 2812 non
1134 2770 1376 2824 ignorabat.
1434 2771 1578 2824 Ipsum
1605 2774 1750 2813 autem
1770 2765 2020 2813 Ciceronem
2041 2771 2174 2813 verba
2194 2774 2367 2814 Antonii

519 2853 572 2893 de
602 2851 694 2905 lege
723 2851 781 2892 M.
803 2850 974 2891 Antonii
1004 2849 1175 2891 sublata
1204 2849 1464 2892 intellexisse
1495 2864 1548 2892 ex
1577 2851 1638 2892 eis
1669 2852 1810 2893 elucet
1858 2864 1967 2904 quae
2000 2851 2199 2893 continuo
2220 2852 2362 2896 addit:

520 2931 613 2972 rVos
646 2932 885 2981 sustulimus,
935 2947 987 2971 an
1023 2938 1154 2970 contra
1191 2930 1309 2984 leyem
1348 2933 1509 2971 comv’tiis
1539 2934 1761 2972 centuriatis
1791 2904 1920 2973 lotam
1949 2931 2185 2972 sana-imus?
2245 2931 2363 2981 Quae

519 3009 650 3052 verba
681 3009 771 3051 sine
801 3008 928 3050 dubio
959 3008 1014 3050 ad
1034 3006 1173 3061 legem
1195 3006 1409 3061 quandam
1434 3007 1603 3050 Vibiam
1624 3007 1850 3050 referenda
1872 3012 1984 3050 sunt.
2024 3008 2362 3051 Consentaneum
