2919 3849
1238 387 1264 432 9
1337 410 1540 417 ,,-...-

329 517 424 560 Kal.
439 517 582 559 Iunias
604 520 927 572 exspectaverat
956 516 1060 573 (Cic.
1077 517 1184 562 Phil.
1209 520 1247 569 2,
1272 520 1336 567 39,
1369 519 1482 568 100),
1514 514 1592 557 sed
1611 527 1733 557 suam
1759 513 1892 567 legem
1912 514 1998 555 iam
2025 523 2169 553 mense

330 594 468 650 Aprili
487 594 646 638 tulerat
666 598 711 639 et
724 596 924 651 ⁴protinus
942 595 1060 652 leges
1081 595 1211 640 Iulias
1237 599 1282 640 et
1307 592 1681 639 senatusconsulta
1702 595 1746 636 et
1778 591 1950 635 decreta
1972 588 2169 633 Caesaris

329 688 385 717 ex
426 674 747 731 commentariis
767 674 957 729 proferre
986 678 1196 729 coeperat.
1264 674 1446 717 Tantum
1483 673 1615 728 igitur
1642 671 1795 727 1abest,
1835 673 1883 712 ut
1924 668 2169 711 Drumanno

329 754 387 809 (1,
431 752 529 810 163)
572 757 615 797 et
652 752 804 798 Petero
840 754 896 810 (2,
938 756 1039 810 415)
1085 752 1319 797 concedam
1353 752 1493 809 legem
1531 751 1650 794 illam
1689 764 1717 793 a
1755 749 1812 792 M.
1853 747 2038 792 Antonio
2078 746 2170 801 ipso

331 845 495 876 morem
527 834 616 876 tum
646 837 820 888 gerente
850 833 1017 877 senatui
1037 833 1168 877 latam
1189 846 1283 877 esse
1312 856 1368 864 -
1398 830 1513 887 quod
1538 830 1607 874 vix
1628 828 1893 877 statuissent,
1925 827 2007 870 nisi
2032 825 2171 881 legem

331 910 560 954 Antoniam
589 912 632 954 in
649 911 887 967 Philippica
916 911 1068 967 quinta
1098 914 1471 955 commemoratam
1501 922 1678 965 prorsus
1706 908 1996 963 neglexissent
2029 928 2094 956 -,
2126 913 2173 944 ut

330 992 486 1033 contra
515 990 783 1034 tribuniciam
808 991 944 1033 <fuisse
976 990 1181 1034 coniciam
1207 994 1252 1033 et
1270 989 1326 1033 ad
1346 988 1624 1033 coercendam
1643 985 1698 1028 M.
1719 985 1891 1029 Antonii
1911 987 2171 1040 potestatem

332 1064 465 1110 latam
494 1083 521 1111 a
550 1069 729 1111 tribunis
759 1068 893 1123 plebis
921 1068 1019 1120 illis,
1051 1083 1078 1112 a
1107 1068 1261 1123 quibus
1290 1068 1347 1111 M.
1370 1067 1544 1110 Antonii
1564 1067 1756 1110 actiones
1785 1065 2054 1119 impugnatas
2077 1073 2172 1103 esse

334 1145 505 1198 scimus,
543 1146 590 1189 L.
629 1146 821 1190 Cassium
858 1147 965 1199 dico,
1001 1149 1051 1192 D.
1082 1146 1370 1197 Carfulenum,
1411 1145 1473 1188 Ti.
1511 1144 1770 1194 Cannutium
1814 1141 1887 1197 (cf.
1919 1140 2024 1184 Phil.
2065 1142 2102 1191 3,
2136 1143 2173 1188 9,

334 1228 399 1268 23.
430 1226 485 1268 ad
499 1226 588 1268 Att.
610 1229 671 1275 15,
696 1230 733 1277 4,
759 1227 811 1280 1).
856 1226 983 1269 Nullo
1012 1227 1142 1280 igitur
1170 1225 1297 1267 modo
1326 1228 1469 1279 potest
1499 1237 1552 1266 ea
1581 1222 1652 1264 lex
1683 1236 1775 1264 esse
1806 1222 1874 1263 lex
1895 1220 1971 1262 illa
1987 1219 2174 1267 Antonii,

330 1302 385 1346 de
417 1317 510 1358 quas
541 1304 688 1348 Cicero
723 1304 766 1346 in
802 1302 1038 1359 Philippica
1067 1303 1217 1358 quinta
1256 1303 1423 1347 locutus
1460 1304 1539 1345 est.
1604 1301 1803 1344 Ceterum
1843 1300 1913 1343 lex
1950 1297 2176 1341 tribunicia

331 1380 467 1436 legem
487 1380 711 1426 Antoniam
742 1395 827 1425 non
857 1382 1097 1436 abrogavit,
1146 1381 1254 1425 haec
1285 1381 1396 1424 enim
1425 1379 1521 1423 Kal.
1554 1379 1642 1423 Ian.
1678 1381 1755 1420 711
1790 1393 1832 1424 11.
1866 1391 1899 1420 c.
1940 1378 2177 1420 etiamtunc

331 1459 524 1512 vale-bat3
554 1461 698 1515 itaque
728 1459 854 1503 facile
884 1460 1132 1515 explicatur,
1163 1460 1234 1514 qui
1263 1459 1425 1502 factum
1451 1458 1520 1510 sit,
1552 1462 1600 1500 ut
1629 1457 1683 1501 M.
1715 1457 1923 1499 Antonius
1964 1457 2008 1498 in
2047 1453 2174 1496 rebus

331 1538 555 1588 nonnullis,
594 1543 641 1583 ut
669 1540 713 1581 in
749 1553 794 1581 re
823 1538 1063 1591 Buthrotia,
1092 1538 1209 1581 illam
1237 1538 1370 1594 legem
1401 1536 1673 1580 tribuniciam
1708 1536 1955 1579 observaret
1985 1534 2088 1589 (Cic,
2120 1532 2176 1574 ad

331 1619 416 1661 Att.
452 1622 514 1671 16,
552 1607 613 1671 16,
637 1621 674 1662 6.
705 1622 742 1662 e.
777 1622 839 1662 11.
875 1622 944 1675 12,,
974 1622 1034 1661 14.
1070 1620 1132 1662 15.
1166 1617 1250 1674 18),
1279 1619 1324 1661 in
1354 1616 1450 1661 aliis
1480 1617 1609 1661 rebus
1640 1616 1771 1660 etiam
1792 1620 1892 1671 post
1918 1629 2014 1659 eam
2035 1603 2175 1668 lege'm

331 1697 463 1751 latam
494 1712 545 1740 ea
574 1701 789 1752 potestate
819 1701 1023 1749 uteretur,
1056 1712 1184 1752 quam
1215 1712 1292 1741 sua
1310 1698 1442 1753 ipsius
1474 1697 1567 1752 lege
1598 1696 1781 1751 adeptus
1812 1699 1918 1748 erat,
1949 1695 2058 1738 utin
2080 1694 2174 1747 lege

330 1774 405 1818 illa
434 1775 543 1818 Iulia
572 1776 750 1830 figenda,
781 1790 866 1831 qua
901 1780 1111 1819 statutum
1141 1779 1246 1827 erat,
1282 1792 1329 1819 ne
1359 1785 1448 1834 post
1478 1776 1541 1818 M.
1572 1776 1758 1818 Brutum
1779 1790 1861 1832 pro
1893 1775 2047 1817 consule
2080 1781 2171 1815 esset

335 1853 450 1896 Creta
474 1857 680 1910 provincia
712 1853 816 1910 (Cic.
846 1854 952 1898 Phil.
985 1858 1023 1906 2,
1057 1857 1121 1907 38,
1155 1858 1231 1904 97;
1263 1854 1314 1897 cf.
1346 1854 1426 1897 Dio
1458 1854 1577 1897 Cass.
1606 1858 1672 1906 45,
1706 1857 1773 1897 32.
1808 1857 1874 1905 46,
1906 1853 1992 1909 23).
2049 1852 2173 1894 Hanc

331 1932 445 1974 enim
483 1932 619 1987 legem
655 1919 805 1975 Iuliam
835 1937 933 1988 post
962 1934 1099 1988 legem
1128 1933 1394 1976 tribuniciam
1424 1932 1554 1976 fixam
1584 1946 1679 1976 esse
1719 1933 1817 1975 inde
1856 1933 2015 1982 elucet,
2060 1931 2173 1985 quod

332 2010 388 2054 M.
418 2011 551 2053 Bruto
579 2024 657 2066 pro
686 2011 940 2054 Macedonia
968 2012 1102 2054 Nonis
1132 2012 1302 2053 demum
1320 2012 1461 2053 'Iuniis
1494 2012 1598 2068 (Cic.
1630 2012 1685 2054 ad
1715 2014 1801 2054 Att.
1838 2016 1900 2061 15,
1935 2015 1972 2061 9,
2007 2011 2047 2063 1)
2078 2023 2175 2063 pro-

332 2090 471 2132 vincia
507 2089 636 2133 Creta
665 2090 837 2133 decreta
867 2094 961 2132 erat
992 2090 1100 2143 (Cic.
1131 2090 1235 2132 Phil.
1268 2094 1306 2142 2,
1337 2094 1401 2143 38,
1433 2095 1499 2133 97.
1536 2095 1597 2141 11,
1634 2094 1696 2141 12,
1729 2093 1813 2144 27).

449 2167 572 2218 Quod
601 2172 743 2210 autem
773 2169 817 2210 in
848 2168 1151 2223 distinguenda
1179 2169 1273 2224 lege
1301 2169 1377 2212 illa
1406 2169 1638 2211 tribunicia
1666 2184 1692 2212 a
1721 2169 1814 2222 lege
1847 2169 2033 2210 Antonia
2062 2168 2173 2209 hanc

331 2245 569 2301 significavi
598 2261 741 2290 mense
773 2247 907 2303 Aprili
937 2247 1070 2290 latam
1099 2260 1203 2298 esse,
1234 2247 1315 2290 hac
1344 2248 1672 2290 ratiocinatione
1703 2247 1867 2290 nititur.
1929 2248 2019 2289 Iam
2041 2260 2171 2301 supra

331 2325 579 2379 collegimus
619 2340 671 2368 ex
708 2326 1076 2369 senatusconsulto
1108 2326 1161 2368 de
1191 2326 1358 2369 Iudaeis
1388 2340 1426 2368 a.
1460 2327 1498 2369 d.
1529 2326 1592 2369 ΙΙΙ
1622 2327 1683 2369 Id.
1723 2326 1853 2381 April.
1883 2327 1997 2368 facto
2037 2326 2175 2379 legem

333 2403 559 2445 Antoniam
600 2391 658 2446 eo*
692 2410 884 2460 tempore
922 2406 1108 2448 nondum
1150 2405 1281 2447 fuisse
1317 2406 1464 2447 latam.
1542 2407 1606 2448 Ne
1642 2407 1956 2461 promulgatam
2001 2405 2174 2460 quidem

334 2484 424 2523 tum
462 2480 592 2524 fuisse
641 2483 876 2539 colligimus
918 2497 970 2526 ex
1006 2483 1219 2526 Ciceronis
1259 2483 1443 2538 epistula
1481 2485 1628 2527 eodem
1665 2485 1753 2528 fere
1791 2485 1859 2526 die
1890 2484 1946 2526 ad
1986 2484 2175 2524 Atticum

332 2560 493 2614 scripta
523 2561 607 2614 (14,
641 2565 677 2614 3,
710 2562 769 2618 2):
815 2562 993 2605 Odorare
1024 2570 1153 2604 tamen
1191 2563 1363 2604 Antonii
1385 2561 1604 2614 διάθεσιν,
1643 2579 1759 2620 quem
1790 2566 1945 2620 quidem
1976 2578 2044 2619 690
2079 2579 2174 2618 elm-

333 2638 467 2680 larum
499 2642 627 2695 mayis
656 2642 825 2682 arbitror
860 2644 1048 2684 rationem
1087 2642 1226 2684 habere
1262 2656 1381 2697 quam
1420 2644 1636 2697 quidquam
1677 2645 1776 2684 mali
1813 2646 1994 2699 cogitare.
2057 2642 2175 2693 Quat¹

332 2721 449 2760 certe
480 2732 563 2760 non
584 2719 835 2774 scripsisset,
868 2720 904 2762 si
924 2720 1060 2775 legem
1091 2719 1144 2762 de
1173 2720 1281 2762 actis
1313 2719 1509 2763 Caesaris
1540 2721 1612 2773 eis,
1645 2735 1754 2777 quae
1784 2722 1827 2764 in
1859 2723 2177 2764 commentariis

334 2782 380 2839 et
409 2796 697 2852 chirographis
723 2798 861 2840 inesse
883 2798 938 2842 M.
960 2799 1169 2842 Antonius
1191 2799 1368 2852 dixerat,
1407 2799 1710 2844 confirmandis
1740 2801 2054 2857 promulgatam
2087 2815 2178 2843 esse

334 2875 539 2920 scivisset.
570 2877 632 2921 Ne
652 2877 798 2921 Idibus
814 2877 983 2932 quidem
998 2877 1128 2933 April.
1142 2877 1374 2933 quidquam
1388 2878 1441 2921 de
1455 2879 1550 2934 lege
1567 2880 1754 2923 Antonia
1772 2880 1920 2923 Cicero
1942 2880 2178 2923 audiverat.

336 2954 445 2998 Nam
483 2956 562 2998 etsi
593 2970 641 2999 eo
675 2956 743 2999 die
779 2956 865 2999 iam
897 2960 1162 3011 compererat
1200 2957 1394 3000 consules
1432 2961 1475 3000 et
1504 2957 1700 3002 tribunos
1736 2958 1792 3014 pl.
1824 2959 1867 3001 in
1905 2973 2061 3002 annum
2098 2963 2177 3000 712

338 3049 376 3077 11.
409 3049 442 3077 c.
476 3035 745 3079 confirmatos
779 3049 871 3079 esse
904 3050 988 3088 eos,
1017 3050 1121 3090 quos
1153 3035 1311 3079 Caesar
1340 3037 1383 3078 in
1414 3038 1730 3081 commentariis
1772 3053 1816 3081 se
1857 3038 2181 3095 designaturum
