2919 3849
1172 368 1230 411 15

280 515 427 556 maqna
451 515 526 557 per
548 501 750 556 populum
788 507 823 541 et
855 499 1011 542 absente
1039 507 1079 541 et
1117 501 1252 550 invito,
1282 501 1327 541 et
1353 498 1501 553 paucis
1536 495 1789 538 interiectis:
1839 499 2016 547 veterani,
2056 501 2127 553 qui

281 580 610 635 appellabantur,
653 581 796 634 quibus
839 579 901 620 hic
937 578 1036 619 ordo
1065 578 1363 632 dibyentioeime
1394 583 1563 626 caverat,
1608 591 1682 617 non
1712 576 1770 616 ad
1796 577 2125 619 comer-vatiaum

283 673 423 700 earum
452 673 609 707 rerum,
649 673 750 714 quas
776 657 985 705 habebant,
1020 656 1090 699 sed
1117 656 1174 699 ad
1200 671 1309 712 spem
1336 670 1533 698 novarum
1560 653 1812 710 praedarum
1851 654 2125 697 incantantur.

285 736 448 779 Eodem
476 735 703 779 referenda
731 738 830 779 sunt
858 749 922 788 ea,
954 747 1066 790 quae
1101 733 1156 777 M.
1187 733 1348 777 Brutus
1381 737 1426 776 et
1462 732 1507 776 C.
1539 730 1714 775 Cassius
1749 745 1893 774 mense
1919 732 2033 776 Maio
2067 733 2122 775 ad

282 816 337 858 M.
376 816 606 859 Antonium
642 816 905 871 scripserunt
944 813 1052 870 (Cic.
1082 827 1147 869 ep.
1177 813 1279 856 fam.
1305 817 1369 866 11,
1392 816 1430 861 2,
1459 814 1523 867 1):
1563 811 1753 854 Ser-ibim
1789 813 1897 854 nobis
1936 829 2125 869 magnam

285 904 550 939 veteranorum
579 894 870 939 multitudinem
900 893 1077 937 Romam
1105 894 1322 937 convenisse
1355 893 1439 936 iam
1469 899 1504 936 et
1530 892 1586 936 ad
1615 891 1823 935 Kalendae
1852 891 1994 936 Iuniae
2021 893 2126 946 foma·

284 991 373 1016 ram
404 974 529 1017 multo
556 976 761 1025 maiorem,
793 977 837 1017 et
865 971 1012 1029 paullo
1040 975 1138 1028 post
1167 970 1241 1026 (ib.
1275 972 1347 1023 11,
1370 973 1408 1024 2,
1430 970 1491 1027 3):
1533 969 1651 1014 Nam
1680 970 1785 1013 illud
1815 971 1932 1014 valde
1962 971 2042 1015 leve
2070 979 2127 1015 est

286 1069 332 1095 ac
349 1055 600 1109 nuqatcm'um
626 1068 673 1095 ea
701 1069 745 1096 re
772 1053 1039 1095 denuntiatum
1076 1066 1155 1093 esse
1174 1051 1379 1103 veteranis,
1411 1052 1522 1106 quod
1541 1051 1590 1093 de
1610 1050 1824 1092 omnmodis
1845 1064 1980 1092 eorum
1998 1065 2127 1093 mense

283 1131 402 1174 Iunio
430 1132 585 1174 lacum
618 1120 747 1175 esses(
785 1131 904 1174 Scire
931 1130 1043 1172 enim
1070 1128 1261 1171 nondum
1290 1131 1493 1183 poterant
1517 1129 1575 1171 M.
1606 1128 1838 1170 Antonium
1868 1141 1961 1170 eam
1991 1129 2127 1184 legem

282 1208 516 1265 rogandam
535 1210 666 1256 Lucio
696 1210 821 1253 fratri
850 1210 1051 1253 daturum
1080 1221 1175 1252 esse
1204 1207 1310 1263 (Cic.
1340 1206 1450 1249 Phil.
1482 1211 1530 1260 5,
1563 1210 1601 1259 3,
1634 1211 1672 1249 7.
1704 1207 1784 1249 1)ίο
1815 1205 1933 1250 Cass.
1964 1212 2033 1258 45,
2064 1211 2122 1263 9).

285 1288 417 1340 Quem
447 1303 542 1331 cum
571 1288 794 1333 audiamus
830 1303 977 1333 mense
1014 1287 1129 1331 Maio
1162 1286 1322 1330 sordide
1357 1285 1650 1330 contionatum
1687 1299 1780 1329 esse
1818 1285 1921 1341 (Cic.
1953 1286 2010 1329 ad
2039 1288 2128 1329 Att.

287 1370 357 1421 15,
388 1370 433 1421 2,
467 1368 522 1424 2),
553 1368 644 1411 sine
682 1368 810 1412 dubio
838 1367 1076 1424 probabilis
1106 1369 1174 1408 est
1201 1366 1448 1407 coniectura
1483 1379 1579 1407 eum
1610 1365 1663 1405 de
1695 1365 1928 1406 commodis
1949 1348 2129 1407 'vetera-

284 1459 436 1490 norum
465 1446 672 1503 augendis
699 1450 791 1490 tum
822 1447 1114 1489 contionatum
1144 1458 1249 1488 esse.

397 1526 555 1581 Legem
584 1530 727 1569 autem
746 1525 880 1569 Marci
909 1523 962 1567 de
982 1523 1143 1567 colonis
1172 1524 1217 1566 in
1246 1536 1372 1579 agros
1399 1523 1661 1567 deducendis
1690 1527 1791 1566 ante
1821 1523 2127 1579 profectionem

284 1606 340 1649 M.
372 1606 544 1648 Antonii
578 1605 712 1649 latam
752 1618 845 1648 esse
881 1618 935 1647 ex
973 1603 1140 1646 colonia
1175 1615 1319 1646 mense
1347 1602 1465 1647 Maio
1494 1602 1550 1647 ab
1590 1616 1639 1647 eo
1675 1602 1910 1646 Casilinum
1942 1603 2127 1648 deducta

283 1688 448 1726 certum
478 1687 556 1726 est.
587 1685 685 1726 Iam
703 1697 803 1725 vero
833 1681 1272 1732 senatusconsultum,
1303 1695 1357 1723 ex
1386 1696 1472 1736 quo
1501 1682 1594 1725 lata
1625 1686 1692 1725 est
1720 1681 1824 1734 (Cio.
1844 1682 1954 1725 Phil.
1974 1686 2039 1735 13,
2064 1688 2128 1735 15,

283 1765 373 1818 31),
417 1762 508 1805 sine
552 1761 682 1804 dubio
723 1761 907 1804 alterum
950 1760 1131 1803 duorum
1167 1759 1633 1803 senatusconsultorum
1670 1760 1771 1812 fuit,
1821 1774 1933 1815 quae
1969 1762 2056 1805 iam
2086 1762 2129 1804 in

283 1841 388 1883 aede
435 1840 617 1883 Telluris
654 1843 753 1894 post
802 1839 999 1894 generale
1042 1838 1456 1882 senatusconsultum
1493 1838 1546 1881 de
1585 1840 1696 1882 actis
1732 1839 1933 1883 Caesaris
1979 1840 2130 1884 confir-

284 1919 449 1961 mandis
478 1918 595 1961 facta
624 1931 718 1960 esse
748 1920 898 1960 narrat
925 1916 1143 1972 Appianus
1173 1917 1232 1972 (b.
1264 1931 1300 1959 c.
1331 1921 1369 1969 2,
1405 1918 1524 1972 135),
1556 1932 1740 1971 quorum
1768 1918 1905 1960 altero
1936 1919 2128 1962 coloniae

282 2013 308 2039 a
337 1998 520 2041 Caesare
550 1997 770 2048 deductae,
807 1996 943 2039 altero
978 1996 1177 2050 coloniaeg
1206 2010 1233 2038 a
1267 1995 1452 2039 Caesare
1483 1997 1721 2051 promissae
1752 1997 1822 2048 (cf.
1855 2000 1892 2049 2,
1930 1999 2027 2052 125)
2057 1997 2128 2040 fir—

284 2080 425 2119 matae
456 2080 565 2123 sunt.
627 2075 694 2117 Ea
723 2075 1092 2118 senatusconsulta
1118 2074 1292 2129 respicit
1317 2074 1488 2127 Cicero,
1519 2090 1616 2118 cum
1637 2076 1743 2119 dicit
1764 2077 1980 2120 veteranis
2010 2091 2130 2120 sena-

283 2159 373 2197 tum
404 2155 723 2210 diligentissime
743 2154 905 2196 cavisse
936 2154 1062 2207 (Phil.
1087 2157 1122 2206 1,
1140 2158 1178 2205 2,
1207 2156 1263 2208 6).
1313 2154 1658 2198 Consentaneum
1685 2159 1750 2199 est
1767 2160 1912 2199 autem
1932 2160 2129 2199 senatum

283 2247 334 2275 eo
374 2233 467 2289 ipso
504 2231 872 2275 senatusconsulto
911 2232 1156 2278 consulibus
1191 2232 1442 2284 mandasse,
1481 2236 1531 2274 ut
1559 2233 1614 2275 ad
1643 2234 1850 2288 populum
1879 2234 2045 2277 ferrent
2074 2234 2127 2276 de
2165 2247 2171 2251 ·

284 2311 443 2354 colonis
481 2311 565 2364 eis,
606 2310 763 2365 quibus
794 2309 955 2353 Caesar
990 2324 1119 2366 agros
1156 2310 1421 2366 promisisset
1460 2310 1645 2354 necdum
1681 2311 1885 2365 dedisset,
1926 2312 1971 2354 in
2001 2326 2127 2368 agros

284 2390 557 2434 deducendis.
616 2389 697 2441 Qui
736 2404 831 2433 cum
869 2390 1013 2434 omnia
1042 2403 1093 2434 eo
1129 2394 1323 2446 tempore
1352 2391 1632 2434 communiter
1665 2395 1845 2447 agerent
1885 2391 1990 2447 (Cic.
2019 2391 2129 2437 Phil.

286 2473 319 2522 1,
350 2472 388 2522 2,
419 2470 480 2524 5),
512 2469 603 2512 sine
633 2468 766 2511 dubio
794 2468 943 2525 legem,
975 2483 1063 2526 qua
1091 2473 1134 2514 et
1164 2470 1221 2514 M.
1242 2469 1452 2514 Antonius
1481 2474 1525 2513 et
1545 2469 1591 2513 P.
1613 2470 1841 2514 Dolabella
1870 2485 1999 2527 agros
2024 2471 2128 2515 dare

281 2549 384 2592 iussi
414 2552 513 2591 sunt
542 2548 645 2602 (Cic.
675 2548 786 2592 Phil.
818 2551 854 2600 8,
886 2552 924 2600 8,
954 2551 1040 2604 25),
1072 2551 1353 2593 communiter
1381 2549 1499 2593 haud
1527 2550 1590 2593 ita
1618 2550 1752 2594 multo
1782 2555 1883 2606 post
1911 2551 2128 2596 Liberalia

284 2633 338 2678 (a.
353 2629 392 2672 d.
400 2628 501 2671 XVI
513 2627 609 2671 Kal.
619 2628 771 2682 April.)
787 2628 1125 2683 promulgarunt.
1163 2629 1384 2673 Habemus
1403 2629 1535 2684 igitur
1549 2629 1715 2673 dierum
1730 2630 1826 2685 plus
1840 2631 2130 2687 quadraginta

283 2708 487 2763 spatium,
526 2707 644 2749 intra
681 2719 790 2762 quos
828 2706 900 2749 lex
929 2705 1034 2750 ferri
1070 2707 1222 2763 potuit.
1290 2707 1376 2751 Sed
1405 2712 1506 2752 ante
1534 2707 1681 2753 Nonas
1711 2709 1884 2765 Apriles,
1910 2708 2014 2753 ferri
2044 2723 2131 2753 non

282 2788 422 2842 potuit
462 2786 545 2828 nisi
588 2785 684 2840 lege
727 2785 914 2828 Caecilia
952 2785 1080 2830 Didia
1116 2787 1329 2842 neglecta,
1369 2787 1468 2830 inde
1504 2803 1531 2832 a
1563 2787 1697 2831 Nonis
1733 2789 1867 2845 April.
1905 2802 2043 2845 usque
2073 2789 2131 2831 ad

283 2866 454 2908 Vinalia
481 2864 586 2908 ferri
614 2878 699 2907 non
727 2865 868 2921 potuit
896 2869 1074 2921 propter
1093 2866 1260 2910 dierum
1286 2850 1552 2911 nefastorum
1579 2867 1798 2911 rationem.
1846 2867 2001 2924 Itaque
2019 2882 2129 2911 unus

287 2944 388 2995 dies,
421 2957 506 2999 quo
534 2948 648 3002 post
664 2943 754 2987 dies
782 2944 975 2988 nefastos
1004 2947 1049 2988 et
1077 2948 1177 2989 ante
1208 2945 1518 3001 profectionem
1539 2947 1713 2990 Antonii
1742 2946 1847 2990 ferri
1874 2947 2028 3003 potuit,
2060 2951 2128 2992 est

282 3023 331 3074 is,
353 3036 438 3078 quo
460 3023 590 3066 etiam
610 3022 718 3066 duas
738 3023 845 3067 alias
866 3024 981 3079 leges
1002 3024 1205 3067 Antonias
1225 3024 1338 3067 latas
1359 3038 1454 3068 esse
1473 3026 1712 3074 statuimus,
1733 3026 1805 3081 qui
1828 3029 1896 3068 est
1915 3040 1952 3069 a.
1970 3026 2013 3069 d.
2031 3027 2131 3070 VIII
