2919 3849
1163 370 1363 374 ww.-
1439 351 1469 394 4
1540 371 1743 374 *vn

524 482 699 535 graphis
751 482 946 523 Caesaris
992 482 1106 535 leges
1154 482 1284 522 Iulias
1330 482 1452 534 quasi
1498 495 1524 522 a
1573 482 1759 523 Caesare
1812 482 1943 533 latas,
2006 483 2380 525 senatusconsulta

524 562 647 616 quasi
679 576 705 604 a
745 560 930 604 Caesare
970 558 1087 604 facta
1124 564 1168 604 et
1203 559 1245 602 in
1277 560 1491 603 aerarium
1530 559 1695 613 delata,
1744 560 1918 606 decreta
1962 560 2289 607 innumerabilia
2324 562 2379 606 de

525 639 848 695 magistratibus
880 638 1168 694 designandis,
1200 638 1252 682 de
1285 638 1556 683 senatoribus
1584 639 1628 683 in
1660 643 1855 683 senatum
1887 639 2133 696 allegendis,
2166 640 2220 685 de
2248 641 2378 687 bene-

524 718 632 761 ficiis
664 722 708 761 et
750 717 980 773 privilegiis
1019 717 1171 759 dandis
1210 717 1333 772 quasi
1363 731 1389 759 a
1420 717 1601 760 Caesare
1642 719 1864 773 proposita
1903 718 2145 773 publicaret
2179 720 2249 775 (cf.
2288 725 2377 763 ant.

523 798 605 840 vol.
637 798 717 849 ΙΙΙ,
750 812 787 851 p.
820 799 935 850 486),
965 797 1073 839 haec
1101 797 1233 851 igitur
1263 797 1405 838 omnia
1435 798 1558 850 quasi
1589 802 1688 840 acta
1718 797 1916 840 Caesaris
1946 802 2044 840 rata
2075 812 2169 841 esse
2198 799 2378 851 iuberet,

525 876 616 917 eius
648 876 709 918 rei
739 877 806 917 ius
838 889 889 917 ex
920 873 1291 917 senatusconsulto
1321 874 1395 916 illo
1427 874 1655 917 derivasse.

641 953 724 996 Sed
763 954 833 996 vix
872 952 1074 996 credibile
1118 956 1184 995 est
1219 953 1635 996 senatusconsultum
1674 954 1779 996 illud
1826 957 1991 997 tantam
2028 959 2284 1009 potestatem
2322 956 2380 999 M.

524 1033 709 1075 Antonio
750 1032 919 1075 dedisse
964 1032 1029 1074 vel
1060 1036 1150 1074 tam
1190 1045 1272 1073 nou
1303 1036 1429 1073 caute
1459 1031 1745 1086 perscriptum
1775 1032 1925 1083 fuisse,
1963 1037 2011 1075 ut
2055 1034 2380 1089 interpretando

525 1116 788 1167 potestatem
821 1111 937 1155 illam
968 1110 1022 1153 M.
1053 1110 1262 1153 Antonius
1294 1124 1496 1165 arrogare
1517 1110 1597 1154 sibi
1624 1115 1781 1166 posset.
1834 1111 1969 1156 Immo
1991 1113 2063 1167 qui
2083 1112 2380 1156 interfectores

526 1192 722 1236 Caesaris
743 1176 798 1235 ‘id
829 1192 966 1247 egisse
997 1190 1268 1246 reputaverit,
1300 1193 1347 1233 ut
1378 1194 1477 1233 acta
1505 1189 1700 1235 Caesaris
1730 1190 2073 1236 rescinderentur
2103 1193 2238 1249 (Suet.
2256 1192 2378 1238 CaeS.

527 1276 600 1322 82;
639 1273 691 1314 cf.
725 1273 830 1315 Vell.
869 1275 910 1323 2,
960 1273 1051 1325 58),
1091 1271 1131 1313 h.
1169 1283 1203 1313 e.
1233 1274 1281 1312 ut
1317 1270 1434 1328 leges
1467 1270 1521 1312 ab
1552 1284 1601 1313 eo
1642 1271 1774 1322 latae,
1824 1272 2199 1315 senatusconsulta
2233 1272 2289 1315 ab
2328 1285 2380 1315 eo

526 1350 642 1393 facta
673 1354 717 1392 et
747 1351 903 1401 delata,
936 1351 1110 1392 decreta
1139 1348 1192 1391 ab
1223 1362 1272 1391 eo
1303 1349 1527 1402 proposita
1555 1348 1820 1399 tollerentur,
1848 1350 1885 1392 is
1915 1364 1999 1392 non
2022 1350 2244 1402 dubitabit,
2276 1351 2379 1405 quin

526 1433 701 1472 senatus
731 1431 774 1471 in
806 1430 912 1472 aede
944 1428 1126 1471 Telluris
1158 1427 1250 1469 sola
1280 1441 1331 1470 ea
1360 1431 1459 1470 acta
1479 1426 1690 1479 Caesaris,
1724 1442 1834 1483 quae
1857 1427 2018 1472 Caesar
2038 1443 2187 1472 revera
2218 1434 2379 1484 egerat,

529 1507 808 1550 confirmarit.
860 1508 1080 1562 Appianus
1112 1505 1278 1560 quidem
1309 1506 1352 1547 in
1383 1505 1489 1548 aede
1510 1506 1693 1549 Telluris
1714 1519 1799 1547 non
1819 1506 1956 1548 solum
1986 1504 2040 1548 τὰ
2073 1505 2380 1565 πεπραγμένα,

531 1588 603 1629 sed
637 1588 767 1629 etiam
805 1584 859 1628 τοὶ
891 1585 1141 1641 ἐγνωσμένα
1182 1584 1435 1628 confirmata
1473 1581 1566 1627 esse
1597 1585 1776 1628 tradidit
1812 1585 1869 1641 (b.
1901 1599 1936 1627 c.
1969 1589 2005 1637 2,
2041 1587 2151 1641 135).
2213 1586 2307 1638 Qua
2336 1587 2380 1629 in

527 1667 739 1708 sententia
771 1681 866 1708 cum
898 1666 980 1707 sibi
1012 1666 1106 1706 aliis
1137 1666 1240 1707 locis
1272 1670 1438 1707 constet
1469 1668 1524 1721 (2,
1562 1670 1651 1708 128.
1687 1669 1776 1708 132.
1812 1665 1964 1716 134.“3,
1989 1665 2046 1721 5),
2079 1666 2257 1709 eandem
2289 1667 2382 1709 eius

528 1746 787 1787 sententiam
810 1746 943 1787 fuisse
966 1749 1065 1798 puto
1089 1744 1254 1787 duobus
1278 1744 1380 1786 locis
1411 1745 1468 1797 (3,
1491 1747 1651 1800 2234),
1685 1744 1756 1787 ubi
1787 1741 1841 1788 τὰ
1874 1742 2165 1801 πεπραγμένα
2195 1744 2288 1788 sola
2307 1760 2384 1788 no-

531 1825 679 1875 minat,
712 1823 766 1866 τὰ
798 1820 1049 1878 ἐγνωσμένα
1087 1823 1250 1865 silentio
1281 1823 1447 1865 transit.
1505 1822 1757 1866 Plutarchus
1790 1837 1958 1878 quoque
1989 1824 2031 1864 in
2064 1824 2151 1866 vita
2187 1823 2385 1866 Caesaris

530 1904 624 1959 (67)
666 1904 903 1945 decrevisse
950 1907 1145 1944 senatum
1194 1902 1340 1944 scribit
1377 1904 1510 1943 κινεῖν
1544 1901 1659 1958 μηδὲ
1701 1900 1751 1944 τὸ
1796 1901 2088 1958 σμικρότατον
2126 1893 2187 1944 ὧν
2221 1897 2388 1954 ἐκεῖνος

530 1977 686 2039 ἄρχων
716 1980 1030 2035 ἐβούλευσε,
1070 1996 1331 2035 quamquam
1372 1983 1414 2022 in
1454 1982 1541 2023 vita
1572 1982 1745 2023 Antonii
1776 1983 1867 2036 (14)
1900 1982 2117 2023 decretum
2156 1995 2251 2023 esse
2282 1982 2388 2023 dicit

529 2062 617 2103 τῶν
646 2058 738 2104 ὑπὸ
761 2057 989 2117 Καίσαρος
1019 2057 1307 2116 γεγονότων
1335 2059 1467 2115 μηδὲν
1498 2054 1741 2103 ἀλλάττειν.
1793 2060 1876 2102 Sed
1898 2061 2079 2115 Appiani
2101 2064 2146 2102 et
2165 2060 2385 2102 Plutarchi

529 2141 655 2181 fidem
692 2141 733 2181 in
770 2140 929 2181 talibus
961 2139 1085 2180 rebus
1123 2153 1207 2179 nou
1247 2144 1310 2180 ita
1347 2154 1540 2192 magnam
1582 2153 1676 2181 esse
1715 2143 1892 2182 constat.
1958 2139 2216 2181 Plutarchus
2253 2140 2383 2182 etiam

529 2220 572 2260 in
605 2220 665 2261 eis
696 2218 922 2261 manifesto
955 2219 1126 2268 erravit,
1158 2231 1266 2272 quae
1298 2218 1350 2259 de
1381 2218 1609 2271 provinciis
1640 2222 1730 2260 tum
1753 2223 1828 2261 aut
1856 2229 2027 2272 postero
2048 2218 2117 2261 die
2149 2218 2386 2261 coniuratis

530 2314 557 2341 a
587 2303 741 2341 senatu
778 2299 885 2340 datis
915 2297 1087 2352 scripsit
1124 2296 1261 2350 (Caes
1294 2301 1358 2339 67.
1395 2297 1479 2339 Cic.
1512 2300 1578 2340 42.
1609 2299 1706 2340 Ant.
1741 2301 1803 2340 14.
1831 2298 1951 2342 Brut.
1985 2298 2071 2352 19),
2103 2312 2211 2352 quas
2242 2298 2385 2353 potius

528 2382 710 2432 firmatas
749 2391 843 2419 esse
882 2381 1049 2418 constat
1078 2377 1213 2430 (Suet.
1246 2378 1351 2430 Aug.
1387 2379 1469 2430 10).
1528 2376 1673 2419 Cicero
1713 2382 1865 2420 contra
1901 2392 1986 2420 uno
2027 2377 2138 2427 loco,
2181 2377 2254 2431 qui
2293 2391 2386 2419 cer-

529 2458 712 2505 tissime,
745 2461 788 2496 et
818 2457 955 2496 altero
986 2456 1099 2504 loeo,
1137 2437 1206 2508 qui
1239 2456 1517 2509 probabiliter
1547 2456 1602 2496 ad
1633 2457 2053 2498 senatusconsultum
2084 2457 2128 2497 in
2160 2457 2267 2498 aede
2290 2456 2386 2497 Tel-

528 2536 636 2577 luris
666 2535 822 2576 sactum
855 2533 1103 2576 referendus
1134 2539 1200 2576 est
1236 2535 1310 2587 (ad
1340 2535 1428 2577 Att.
1462 2539 1534 2583 16,
1568 2538 1636 2586 14,
1672 2538 1704 2577 1.
1737 2539 1804 2587 15,
1836 2540 1874 2587 4,
1907 2536 1961 2588 3),
1999 2534 2104 2577 nihil
2144 2534 2259 2577 aliud
2303 2536 2383 2577 nisi

529 2623 614 2657 acta
643 2616 803 2670 tyranni
831 2614 1093 2669 comprobata,
1123 2622 1208 2655 acta
1238 2616 1471 2669 confirmata
1502 2627 1595 2656 esse
1624 2617 1829 2665 testatur,
1861 2628 1971 2669 quae
2001 2618 2101 2658 acta
2131 2613 2222 2657 sine
2253 2613 2384 2657 dubio

529 2708 580 2736 ea
610 2694 902 2747 intellegenda
933 2697 1045 2743 sunt,
1078 2707 1188 2747 quae
1221 2692 1381 2735 Caesar
1410 2707 1560 2735 revera
1591 2697 1748 2748 egerat.
1820 2693 1994 2736 Cassius
2025 2699 2169 2737 autem
2200 2693 2282 2736 Dio
2314 2693 2383 2736 Ci-

528 2788 745 2825 ceronem,
788 2774 831 2816 iu
870 2773 991 2815 cuius
1023 2772 1277 2815 sententiam
1315 2772 1732 2816 senatusconsultum
1771 2773 1815 2816 in
1859 2773 1965 2817 aede
2002 2773 2188 2817 Telluris
2218 2773 2382 2817 factum

528 2868 619 2896 esse
649 2854 798 2896 scribit
828 2852 914 2908 (44,
947 2855 1038 2907 22),
1078 2852 1260 2906 primum
1292 2851 1538 2895 oblivionem
1577 2853 1882 2897 discordiarum
1916 2852 2186 2905 suadentem,
2230 2853 2386 2896 deinde

527 2938 670 2975 autem
693 2933 773 2974 hoc
795 2932 932 2974 solum
955 2935 1194 2973 censentem
1218 2930 1336 2972 facit:
1368 2928 1448 2980 τὰς
1473 2929 1604 2984 τιμὰς
1624 2930 1699 2974 καὶ
1718 2930 1798 2982 τὰς
1819 2927 1958 2990 ἀρχὰς
1987 2929 2063 2974 καὶ
2088 2930 2169 2982 τὰς
2198 2925 2386 2989 δωρεάς,

527 3007 664 3062 ὅσας
691 3007 895 3064 ἔλαβον
925 3004 1044 3067 παρ’
1078 3004 1267 3057 αὐτοῦ,
1300 3009 1588 3066 φυλαχθῆναι
1607 3012 1692 3065 (44,
1712 3012 1795 3065 33).
1841 3011 1959 3053 Idem
1982 3011 2066 3054 alio
2088 3011 2182 3054 loco
2204 3012 2291 3067 (45,
2310 3012 2385 3065 23)
