2919 3849
1165 368 1342 374 -—.„
1420 348 1477 393 16
1553 370 1754 374 ,μ

519 477 613 520 Kal.
646 476 744 521 Mai.
801 477 943 533 Atque
984 477 1095 520 hunc
1139 477 1251 521 diem
1291 477 1421 521 etiam
1459 478 1546 521 alia
1584 463 1911 522 ratiocinatione
1941 479 2226 524 enucleamus.
2286 480 2367 523 La-

516 558 604 602 tam
625 556 738 601 enim
760 570 854 601 esse
874 555 1026 613 legem,
1048 559 1277 612 antequam
1299 555 1482 601 edietum
1502 555 1608 600 illud
1630 560 1918 613 proponerent
1932 558 2141 612 consules,
2162 571 2246 616 quo
2255 563 2368 604 vete-

514 649 644 678 ranos
675 650 729 679 ex
759 634 877 678 Urbe
905 635 950 677 in
978 634 1168 678 colonias
1198 634 1320 689 abire
1349 635 1568 678 iusserunt
1597 634 1696 685 (Dio
1727 634 1770 678 C.
1801 638 1868 686 44,
1901 638 1988 689 51),
2027 636 2251 692 probabile
2280 642 2366 692 est3

514 715 614 758 nam
644 713 726 757 hoe
756 713 944 758 edictum
974 713 1063 758 sine
1094 712 1223 757 dubio
1251 712 1418 757 initium
1447 712 1530 756 fuit
1550 713 1814 758 coloniarum
1837 713 2201 761 deducendarum.
2243 715 2368 760 Edic-

519 796 613 837 tum
642 796 786 837 autem
816 792 923 836 illud
952 796 1053 837 ante
1074 792 1118 837 G.
1138 792 1355 836 Amatium
1375 791 1644 836 interfectum
1674 796 1718 836 et
1747 792 1887 848 legem
1915 776 1969 837 de
1988 792 2210 840 dictatura
2233 794 2367 841 latam

518 886 603 915 non
634 875 701 915 est
729 871 1018 927 propositum3
1061 885 1159 916 nam
1204 871 1283 916 Dio
1324 870 1496 915 Cassius
1532 870 1560 914 1.
1591 884 1626 915 c.
1658 871 1701 915 id
1741 871 1891 916 eodem
1928 870 2019 916 fere
2048 876 2241 930 tempore
2269 888 2367 930 pro-

520 951 707 1006 positum
739 964 834 994 esse
863 951 1030 1001 scribit,
1062 965 1145 1006 quo
1176 949 1370 994 consules
1407 964 1529 994 aram
1559 949 1756 994 Caesaris
1786 951 2042 996 evertissent
2069 955 2114 996 et
2142 952 2282 1008 legem
2311 953 2366 995 de

521 1029 740 1072 dictatura
767 1028 960 1072 tollenda
987 1029 1197 1072 tulissent.
1239 1028 1321 1080 Qui
1350 1041 1446 1070 cum
1476 1042 1593 1071 aram
1616 1029 1817 1074 Caesaris
1847 1043 2039 1074 eversam
2067 1029 2177 1073 falso
2206 1030 2367 1075 immis-

522 1107 669 1157 cuerit,
687 1107 789 1149 utin
802 1107 1013 1162 particula
1031 1107 1171 1162 priore
1180 1121 1219 1162 p.
1231 1110 1255 1149 9
1268 1106 1459 1159 vidimus,
1471 1106 1515 1150 C.
1526 1107 2025 1151 Amatiuminterfectum
2034 1107 2175 1153 dicere
2185 1107 2368 1152 voluisse

523 1185 703 1228 videtur.
762 1185 844 1228 Sed
874 1189 971 1228 utut
999 1185 1079 1227 hoc
1113 1188 1189 1237 est,
1219 1185 1356 1240 legem
1388 1186 1441 1227 de
1469 1186 1685 1229 dictatura
1713 1198 1750 1228 a.
1781 1185 1819 1228 d.
1850 1185 1952 1228 VIII
1980 1186 2075 1228 Kal.
2105 1186 2206 1229 Mai.
2235 1186 2390 1232 latam.

524 1277 618 1308 esse
647 1265 841 1309 vidimus.
900 1265 942 1309 Si
972 1264 1102 1321 igitur
1132 1263 1315 1308 edictum
1347 1265 1565 1308 consulum
1595 1247 1825 1320 post-eum·
1850 1264 1961 1308 diem
1992 1266 2260 1322 propositum
2290 1272 2366 1316 est,

522 1344 659 1400 legem
691 1360 740 1388 eo
772 1346 864 1402 ipso
896 1346 965 1389 die
996 1359 1090 1388 cum
1120 1345 1276 1388 ceteris
1314 1343 1480 1388 duabus
1510 1344 1674 1400 legibus
1705 1344 1900 1388 Antoniis
1930 1344 2066 1389 latam
2094 1360 2186 1390 esse
2214 1346 2367 1402 proba-

521 1424 610 1466 bile
642 1429 720 1467 est.

637 1503 760 1555 Quod
802 1507 944 1546 autem
979 1504 1204 1546 statuimus
1240 1506 1329 1545 tres
1370 1502 1487 1557 leges
1515 1502 1724 1545 Antonias
1755 1502 1907 1545 eodem
1937 1503 2006 1546 die
2035 1503 2226 1560 perlatas
2258 1518 2365 1555 esse,

521 1583 684 1625 nullam
721 1577 1019 1625 difficultatem
1056 1582 1205 1634 habet;
1248 1595 1347 1623 nam
1380 1581 1426 1622 in
1456 1580 1630 1634 singulis
1660 1580 1823 1635 legibus
1857 1582 2125 1636 perferendis
2161 1588 2254 1626 tum
2284 1598 2366 1625 nen

521 1662 624 1711 iam,
665 1666 713 1701 ut
748 1662 937 1716 antiquis
972 1660 1236 1715 temporibus
1267 1660 1372 1713 (Liv.
1407 1663 1479 1710 45,
1520 1663 1585 1701 36.
1618 1659 1730 1702 Plut.
1760 1660 1876 1704 Aem.
1902 1660 2020 1704 Paul.
2050 1663 2141 1715 30),
2183 1665 2367 1716 quatuor

521 1739 613 1782 fere
632 1740 762 1781 horas
794 1739 1097 1782 consumebant
1127 1739 1423 1793 magistratus,
1454 1751 1551 1779 cum
1582 1738 1745 1789 omnia,
1777 1752 1889 1793 quae
1928 1739 2021 1781 fieri
2055 1753 2230 1782 necesse
2263 1745 2367 1790 erat,

520 1818 588 1861 vel
624 1819 669 1860 in
715 1818 896 1860 comitiis
938 1818 1187 1861 centuriatis
1235 1830 1362 1871 quam
1399 1816 1618 1859 celerrime
1649 1820 1692 1858 et
1730 1818 1853 1872 quasi
1891 1817 1997 1860 dieis
2041 1831 2173 1861 causa
2214 1818 2369 1860 fierent

524 1896 626 1949 (Cic.
658 1897 764 1939 Phil.
795 1901 831 1947 2,
866 1901 929 1948 33,
952 1899 1035 1950 82).

635 2107 719 2142 Iam
735 2112 978 2143 transeamus
994 2105 1043 2141 ad
1065 2104 1119 2149 id,
1142 2104 1253 2142 cuius
1271 2115 1386 2140 causa
1401 2103 1495 2141 haec
1512 2102 1799 2152 praemisimus,
1816 2105 1866 2140 ad
1880 2103 2167 2141 renuntiandos
2185 2103 2338 2142 doctor(
2351 2119 2366 2139 s

524 2162 801 2213 philosophiae
822 2161 1041 2210 artiumque
1061 2160 1286 2198 liberalium
1306 2160 1533 2207 magistros,
1577 2159 1645 2208 qui
1675 2159 1769 2196 inde
1799 2172 1821 2195 a
1852 2159 1918 2196 die
1946 2159 2074 2209 primo
2103 2160 2252 2197 mensis
2271 2160 2366 2196 Maii

465 2221 474 2229 ‘
523 2218 618 2255 anni
639 2217 1084 2269 MDCCCLXXAusque
1116 2217 1165 2253 ad
1187 2216 1291 2253 diem
1313 2216 1556 2253 tricesimum
1582 2215 1730 2253 mensis
1753 2214 1904 2264 Aprilis
1932 2215 2027 2253 anni
2057 2215 2366 2254 MDCCCLXXI

525 2274 647 2312 creati
668 2279 771 2311 sunt.

569 2386 899 2425 Semisaeoulares
921 2397 1014 2423 suos
1034 2386 1204 2423 honores
1226 2397 1272 2422 eo
1294 2398 1395 2422 anno
1417 2386 1515 2422 ordo
1536 2384 1866 2435 philosophorum
1887 2383 2108 2432 gratulatus
2129 2387 2191 2423 est
2210 2384 2308 2422 viris

1080 2440 1310 2479 clarissimis
1331 2446 1450 2491 atque
1480 2441 1629 2491 optime
1651 2440 1808 2479 meritis

1043 2497 1286 2537 GUSTAVO
1321 2497 1603 2536 FRIDERIOO
1633 2496 1848 2535 HAENEL

520 2557 624 2593 iuris
646 2556 855 2606 utriusque
883 2555 1035 2592 doctori
1062 2553 1231 2591 illustris
1259 2554 1618 2592 iureconsultorum
1641 2554 1684 2591 in
1706 2552 1969 2591 universitate
1990 2552 2192 2603 Lipsiensi
2214 2553 2367 2591 ordinis

524 2613 740 2662 professori
763 2611 921 2663 publico
941 2610 1144 2649 ordinario
1159 2610 1366 2660 eidemque
1387 2610 1537 2648 seniori
1555 2609 1744 2648 ecclesiae
1761 2609 2000 2657 cathedralis
2016 2609 2366 2658 Martisburgensis

521 2669 730 2718 capitulari
759 2668 1032 2717 augustissimi
1075 2666 1271 2705 Saxoniae
1302 2667 1408 2715 regis
1434 2679 1457 2704 a
1486 2666 1666 2707 consiliis
1703 2665 1845 2703 aulicis
1882 2665 2147 2704 sanctioribus
2181 2665 2366 2704 ordinum

521 2725 862 2763 nobilissimorum
883 2730 923 2762 et
934 2724 1161 2774 ‘patriorum
1184 2727 1224 2759 et
1254 2727 1478 2760 exterorum
1504 2722 1648 2772 partim
1676 2722 1874 2772 praefecto
1903 2722 2047 2771 partim
2078 2722 2205 2773 equiti
2233 2724 2364 2759 acade-

826 2781 994 2820 miarum
1015 2780 1329 2829 societatumque
1351 2779 1633 2817 litterariarum
1654 2777 1917 2828 complurium
1939 2778 2069 2817 sodali

1062 2836 1272 2877 CAROLO
1294 2836 1619 2875 CIIRISTIANO
1652 2835 1831 2874 ANTON

1090 2893 1308 2930 medicinae
1330 2897 1370 2929 et
1389 2893 1613 2940 chirurgiae
1638 2892 1791 2929 doctori

824 2951 1146 2989 CHRISTIANO
1170 2950 1450 2988 FRIDERICO
1473 2949 1820 2987 FERDINANDO
1843 2948 2073 2988 SCHULZE

874 3007 1095 3046 conrectori
1116 3006 1274 3045 scholae
1295 3005 1514 3056 oppidanae
1547 3005 1803 3055 Pegaviensis
1824 3004 2004 3045 emerito.
