2919 3849
1441 348 1467 389 6
1541 366 1591 370 „c

522 477 768 531 designatos
799 482 843 517 et
878 478 932 518 ad
963 476 1145 519 Iudaeos
1178 481 1393 532 spectant,
1431 477 1670 526 stabilitur,
1710 476 1785 518 sed
1818 477 1951 518 etiam
1981 478 2146 520 duobus
2179 484 2374 521 senatus-

521 555 741 604 consultis,
787 569 899 610 quae
929 555 1347 598 senatusconsultum
1385 556 1427 596 in
1457 555 1563 597 aede
1592 552 1774 597 Telluris
1804 554 1963 596 factum
1994 557 2136 611 ipsum
2168 560 2375 612 quodam·

526 635 649 676 modo
681 635 1032 689 interpretantur,
1065 639 1189 677 extra
1219 648 1389 676 omnem
1420 634 1729 676 dubitationem
1751 622 1943 687 ponitur.

639 713 744 754 Post
780 713 907 755 funus
946 714 1058 756 enim
1088 712 1286 758 Caesaris
1323 712 1739 755 senatusconsultum
1785 713 1828 755 in
1868 713 2123 756 sententiam
2160 714 2249 757 Ser.
2281 716 2375 759 Sul-

525 791 625 844 picii
654 791 753 833 Rufi
783 792 943 833 factum
974 796 1061 835 est:
1091 807 1139 832 ne
1169 807 1249 846 qua
1279 792 1411 833 tabula
1434 795 1525 847 post
1554 791 1656 832 Idus
1679 792 1848 833 Martias
1878 792 1998 832 vuius
2028 793 2172 834 decreti
2196 793 2376 837 Caesaris

523 879 593 911 aut
634 872 807 924 bew’ficii
850 873 1033 925 fiyeretur
1080 870 1184 923 (Cic.
1215 869 1321 911 Phil.
1366 874 1405 920 l,
1450 874 1490 921 1,
1523 874 1564 920 3)
1596 870 1681 912 vel:
1733 887 1782 912 ne
1819 887 1900 926 qua
1931 879 2020 925 post
2065 871 2165 914 Idus
2201 873 2378 916 Martias

521 951 775 992 immunitati-3
805 950 938 991 tabula
967 966 1058 993 neve
1087 952 1198 992 cuius
1229 951 1403 1000 beneficii
1420 951 1621 1005 fiyeretur
1650 949 1756 1004 (Cic.
1784 948 1890 992 Phil.
1925 952 1968 1001 2,
2003 952 2075 1001 36,
2107 953 2179 1004 91;
2212 951 2264 995 cf.
2295 953 2376 995 Dio

526 1029 644 1071 Cass.
676 1032 741 1078 44,
775 1031 840 1070 53.
873 1033 939 1078 45,
974 1030 1063 1081 23),
1104 1027 1218 1081 quod
1248 1029 1303 1071 M.
1335 1029 1547 1071 Antonius
1578 1030 1744 1071 senatui
1774 1042 1935 1071 morem
1966 1042 2119 1082 gerens
2149 1031 2267 1082 fecit,
2300 1034 2375 1074 sed

524 1112 641 1149 certe
680 1121 915 1161 numquam
954 1106 1147 1149 facturus
1185 1107 1281 1159 fuit,
1323 1110 1359 1150 si
1387 1109 1454 1150 ius
1491 1107 1599 1149 illud
1634 1108 1687 1149 de
1725 1122 1809 1161 quo
1841 1108 2063 1162 quaeritur
2102 1119 2154 1147 ex
2183 1112 2376 1147 senatus-

525 1186 721 1228 consulto
752 1187 795 1226 in
826 1186 932 1229 aede
954 1185 1135 1227 Telluris
1165 1185 1279 1228 facto
1309 1186 1395 1228 iam
1416 1186 1647 1228 habuisset.
1681 1187 1823 1241 Atque
1844 1186 1925 1228 hoc
1959 1184 2375 1228 senatusconsultum

527 1264 583 1306 M.
625 1264 809 1306 Antonio
849 1263 971 1318 quasi
1007 1276 1255 1318 expressum
1288 1277 1388 1307 -esse
1424 1264 1523 1306 inde
1558 1264 1772 1319 sequitur,
1811 1263 1926 1319 quod
1963 1268 2114 1319 postea
2151 1264 2288 1307 multa
2327 1276 2378 1305 ac

524 1342 768 1385 necessaria
808 1355 834 1384 a
875 1342 1057 1385 Caesare
1086 1341 1256 1396 provisa
1301 1355 1394 1385 esse
1432 1341 1604 1386 dicebat
1641 1345 1685 1385 et
1715 1341 1909 1385 instabat
1939 1342 2128 1393 senatui,
2171 1346 2221 1385 ut
2250 1342 2377 1385 etiam

524 1434 577 1462 ea
601 1421 886 1471 firmarentur,
919 1435 1028 1475 quae
1049 1421 1210 1464 Caesar
1242 1421 1285 1462 in
1318 1422 1634 1464 commentariis
1665 1434 1711 1463 se
1741 1426 1938 1463 acturum
1969 1420 2264 1475 significasset,
2297 1421 2378 1462 eis·

525 1515 606 1552 que
636 1500 836 1553 precibus
868 1499 1028 1552 effecit,
1065 1504 1113 1543 ut
1141 1501 1315 1543 tertium
1346 1500 1760 1543 senatusconsultum
1791 1500 1843 1542 de
1873 1500 1982 1542 actis
2015 1500 2211 1543 Caesaris
2240 1499 2377 1543 fieret.

527 1578 666 1621 Testis
699 1584 764 1621 est
794 1578 874 1620 Dio
907 1579 1100 1630 Cassius,
1140 1570 1223 1634 qui‘
1248 1578 1292 1621 in
1322 1574 1572 1622 narratione
1602 1593 1746 1623 rerum
1779 1582 1993 1633 gestarum
2025 1578 2128 1622 dicit
2165 1578 2251 1634 (44,
2284 1581 2378 1634 53):

523 1654 680 1698 ἔπειτα
712 1657 773 1708 δέ,
806 1653 866 1707 ὠς
897 1657 1060 1707 ἐκεῖνος
1089 1655 1447 1712 ἐνέκειτοιλέγων
1478 1658 1625 1698 πολλὰ
1647 1657 1723 1698 καὶ
1753 1652 1970 1712 ἀναγκαῖα
2001 1653 2077 1699 ὑπ’
2109 1653 2248 1699 αὐτοῦ
2269 1673 2378 1715 προ-

523 1737 850 1790 Βεβουλεῦσθαι
873 1734 1139 1794 κελευσάσης
1171 1738 1338 1794 (εατῆς
1351 1736 1534 1793 βουλῆς)
1564 1733 1732 1787 πάντας
1761 1735 1864 1787 τοὺς
1885 1736 2091 1793 πρώτους
2108 1738 2236 1794 κοινῇ
2265 1732 2378 1779 αὐτὰ

526 1816 760 1871 διακρῖναι.
809 1817 891 1867 Qui
922 1817 1037 1870 quod
1066 1817 1179 1859 idem
1212 1817 1458 1859 Ciceronem
1496 1817 1705 1858 dicentem
1737 1817 1841 1858 facit
1880 1817 1965 1870 (45,
1997 1817 2087 1869 23):
2130 1814 2203 1857 καὶ
2235 1819 2379 1871 μέντοι

522 1893 599 1936 καὶ
635 1893 747 1948 μετὰ
787 1895 927 1936 ταῦτα
959 1890 1027 1943 εἷς
1067 1894 1209 1937 πολύ
1247 1888 1390 1937 τοῦτ’
1435 1891 1682 1949 ἐγίγνετο
1723 1894 1829 1943 (scil.
1867 1894 1912 1935 id
1950 1894 2063 1947 quod
2107 1899 2377 1937 senatuscon-

524 1973 633 2012 sulto
674 1974 919 2027 Sulpiciano
960 1975 1138 2014 vetitum
1178 1976 1291 2025 erat)
1333 1971 1406 2013 καὶ
1442 1969 1587 2026 ἒἏεγεν
1639 1968 1873 2027 ἀναγκαῖον
1919 1966 2030 2014 εἶναι
2068 1972 2165 2014 τινὰ
2204 1975 2291 2014 τῶν
2332 1970 2379 2014 ἐν

520 2054 614 2101 ‘mig
644 2050 869 2108 γράμμασι
899 2054 992 2101 τοῖς
1021 2053 1100 2093 τοῦ
1122 2050 1344 2110 Καίσαρος
1365 2050 1638 2108 εὑρεθέντων
1668 2049 1933 2106 ἑκλεχθῆναί
1952 2067 1999 2093 τε
2020 2050 2093 2094 καὶ
2114 2053 2377 2108 πραχθῆναι,

522 2127 646 2182 ὑμεῖς
679 2130 761 2181 μὲν
805 2130 916 2181 μετὰ
954 2132 1041 2171 τῶν
1081 2129 1270 2187 πρώτων
1310 2127 1484 2186 ἀνδρῶν
1515 2127 1817 2185 προσετάξατε
1849 2125 1969 2185 αὐτῷ
1998 2133 2138 2173 ταῦτα
2165 2130 2376 2181 διαλέξαι,

523 2211 653 2252 verba
675 2206 734 2260 ὠς
764 2209 877 2252 πολὺ
899 2205 1014 2253 τοῦτ’
1047 2208 1237 2266 ἐγίγνετο
1270 2213 1361 2253 sine
1393 2211 1520 2252 dubio
1552 2210 1604 2250 de
1636 2224 1712 2250 suo
1734 2209 1911 2251 addidit.
1948 2210 2113 2251 Novum
2138 2212 2246 2251 enim
2268 2211 2376 2251 illud

524 2291 942 2332 senatusconsultum
980 2291 1032 2332 de
1074 2293 1180 2333 actis
1209 2292 1407 2334 Caesaris
1448 2305 1531 2331 non
1563 2295 1660 2344 post
1690 2291 1827 2331 multa
1863 2291 2040 2333 decreta
2076 2305 2129 2332 ex
2166 2305 2377 2332 commcn-

524 2370 644 2410 tariis
666 2369 897 2423 publicata,
928 2370 972 2411 id
993 2370 1109 2424 quod
1130 2370 1407 2412 Drumannus
1429 2383 1598 2426 quoque
1620 2369 1799 2410 Dionem
1822 2374 1994 2411 secutus
2015 2370 2164 2411 statuit
2184 2371 2241 2424 (1,
2268 2372 2377 2424 112),

524 2447 600 2490 sed
630 2452 730 2489 ante
762 2448 1067 2503 profectionem
1107 2448 1323 2492 Ciceronis
1362 2449 1521 2492 factum
1554 2462 1648 2491 esse
1677 2448 1777 2490 inde
1808 2448 1959 2500 elucet,
1990 2448 2106 2502 quod
2146 2448 2294 2491 Cicero
2334 2463 2377 2490 se

524 2527 714 2569 adfuisse
743 2529 785 2569 in
817 2532 987 2577 senatu,
1019 2541 1115 2569 cum
1147 2534 1323 2571 senatus
1363 2529 1416 2571 de
1448 2543 1499 2570 ea
1529 2543 1575 2570 re
1608 2512 1921 2578 consuleretur,
1961 2531 2159 2569 testatur.
2220 2527 2376 2570 Scribit

521 2606 631 2647 enim
654 2607 696 2647 in
719 2607 901 2661 epistula
925 2606 981 2648 ad
1011 2606 1056 2649 C.
1079 2607 1268 2649 Cassium
1291 2612 1389 2661 post
1410 2601 1751 2650 aram'caesaris
1773 2619 1975 2655 eversam,
1996 2606 2142 2659 itaque
2172 2620 2256 2648 non
2278 2610 2378 2648 ante

521 2687 679 2727 exitum
716 2686 874 2726 mensis
907 2685 1067 2739 Aprilis
1098 2686 1198 2727 data
1231 2686 1347 2742 (fam.
1384 2690 1445 2736 12,
1480 2690 1515 2735 1,
1551 2688 1618 2739 2):
1657 2684 1780 2726 Cuius
1807 2701 1904 2726 aera
1931 2683 2092 2742 refiqere
2131 2685 2402 2747 debebamus&

523 2768 603 2806 eins
629 2758 751 2807 etiam*
773 2766 1043 2822 chiroyrapha
1070 2765 1350 2818 defendimus?
1374 2790 1424 2795 —
1446 2769 1502 2807 At
1531 2769 1632 2808 enim
1661 2768 1715 2806 ita
1745 2768 2060 2807 decrevimus.
2085 2787 2136 2795 —
2162 2766 2377 2807 Fecimus

520 2847 565 2885 id
592 2847 754 2900 quidem
783 2845 1019 2899 temporibus
1048 2847 1228 2892 cedentes,
1268 2860 1370 2900 quae
1401 2847 1530 2886 valent
1557 2847 1601 2885 in
1629 2846 1830 2900 republica
1853 2847 2102 2902 plurimum5
2139 2846 2211 2886 sed
2237 2847 2378 2885 immo-

520 2926 659 2966 ‹lerace
688 2925 853 2980 quizlam
884 2932 918 2966 et
946 2927 1104 2979 inyrate
1140 2932 1316 2965 nostra
1342 2925 1536 2980 facilitate
1574 2926 1808 2966 abutuntur.
1870 2925 1990 2975 Quae
2026 2924 2157 2966 verba
2198 2938 2281 2965 non
2323 2924 2377 2964 ad

518 3002 940 3044 senatusconsultum
982 3003 1026 3043 in
1073 3003 1178 3044 aede
1219 3003 1401 3044 Telluris
1447 3003 1628 3054 factum,
1678 3003 1752 3043 sed
1796 3003 1852 3044 ad
1892 3003 2109 3057 posterius
2152 3003 2278 3053 illud,
2323 3004 2376 3043 (le
2423 2992 2426 2994 ’

2744 3783 2750 3792 ι
2771 3797 2773 3799 ‚
2847 3787 2849 3790 .

2768 3818 2774 3827 .·
2841 3818 2890 3830 c<
2912 3814 2919 3824 α
