2919 3849
1531 389 1545 390 ἡ
1617 361 1646 406 8
1724 390 1825 393 ---⁷

705 489 799 531 loco
830 490 991 541 nititur,
1022 491 1300 545 suspitionem
1331 505 1500 534 movere
1530 506 1615 534 non
1645 498 1804 547 potest;
1845 493 2005 537 multae
2036 496 2148 538 enim
2179 496 2296 551 leges
2332 497 2553 552 negandae

704 572 859 621 essent,
896 568 932 611 si
964 582 1109 612 omnes
1139 570 1358 625 negandae
1389 575 1543 624 essent,
1580 587 1691 627 quae
1720 587 1806 615 uno
1846 573 1939 617 solo
1978 573 2224 619 testimonio
2262 574 2384 619 nobis
2422 580 2551 619 notae

705 651 817 690 sunt.
878 647 1027 702 Neque
1057 648 1101 690 id
1132 648 1376 703 suspitionis
1405 662 1553 693 ansam
1582 650 1789 705 praebere
1817 654 1972 705 potest,
2012 653 2127 708 quod
2158 653 2309 698 Cicero
2340 654 2401 697 eis
2431 655 2550 706 locis,

705 725 780 769 ubi
810 725 863 769 de
894 726 1033 770 abusu
1062 728 1459 772 commentariorum
1490 732 1533 772 et
1562 729 1946 786 chirographorum
1976 729 2178 774 Caesaris
2208 732 2405 787 queritur
2425 732 2550 790 (Phil.

625 824 627 827 ·
711 808 748 856 2,
783 808 849 857 36,
888 809 954 850 92.
986 809 1023 859 2,
1058 811 1122 859 39,
1157 811 1247 850 100.
1279 812 1318 857 3,
1353 811 1417 860 13,
1450 810 1514 851 30.
1547 812 1584 861 7,
1616 813 1653 862 5,
1689 810 1770 865 15),
1807 810 1862 853 de
1885 810 1997 865 'lege
2035 809 2112 854 illa
2149 811 2338 854 Antonia
2373 826 2551 867 prorsus

706 887 842 933 tacet3
882 885 962 925 vim
995 885 1107 928 enim
1136 886 1512 940 amplificationum
1543 901 1718 930 suarum
1748 887 1972 931 minuisset
2001 891 2045 932 et
2074 888 2340 944 infregisset,
2380 891 2418 933 si
2446 891 2552 946 legis

706 964 963 1007 mentionem
1007 963 1199 1017 fecisset,
1245 981 1355 1021 quae
1401 967 1591 1020 quamvis
1633 966 1782 1010 vitiose
1812 968 1902 1011 lata
1943 968 2000 1010 sit
2036 971 2094 1010 etx
2124 954 2318 1022 quamvis
2362 969 2551 1024 iniquam

649 1076 651 1078 .
710 1046 965 1095 potestatem
1002 1043 1056 1086 M.
1088 1045 1271 1087 Antonio
1308 1044 1485 1096 dederit,
1523 1045 1657 1088 nihilo
1688 1046 1824 1089 setius
1861 1045 1945 1088 fuit
1973 1045 2056 1089 lex.
2124 1048 2257 1090 Immo
2295 1048 2551 1090 verecundia

706 1120 796 1170 illa,
829 1135 915 1174 qua
946 1121 1093 1165 Cicero
1130 1123 1174 1164 in
1215 1123 1449 1178 Philippica
1487 1124 1626 1178 prima
1663 1125 1716 1167 de
1757 1124 1864 1167 actis
1903 1123 2102 1167 Caesaris
2143 1139 2195 1167 ex
2235 1126 2552 1169 commentariis

707 1200 887 1254 prolatis
923 1202 1115 1257 loquitur
1152 1204 1209 1256 (l,
1247 1210 1285 1255 7,
1322 1207 1370 1246 16
1402 1218 1463 1258 sq.
1497 1210 1531 1255 1,
1569 1208 1607 1254 9,
1641 1206 1694 1246 23
1716 1205 1811 1258 sq.)‚
1854 1203 1969 1245 haud
1998 1204 2087 1246 scio
2125 1218 2180 1246 an
2221 1218 2274 1247 ex
2313 1205 2552 1248 reverentia

711 1292 814 1333 erga
845 1278 981 1333 legem
1008 1279 1140 1323 latam
1170 1281 1357 1324 nondum
1388 1281 1484 1324 odio
1515 1281 1570 1325 M.
1603 1280 1777 1323 Antonii
1806 1295 2038 1335 suppressa
2066 1281 2252 1325 fluxerit.

745 1392 750 1396 .
824 1358 1092 1413 Quamquam
1128 1363 1272 1402 autem
1316 1359 1433 1403 aliud
1468 1360 1761 1402 testimonium
1807 1359 1861 1402 de
1904 1359 1999 1415 lege
2041 1361 2229 1403 Antonia
2268 1374 2354 1403 non
2399 1364 2552 1410 exstat,

711 1441 963 1490 argumento
1008 1442 1149 1480 tamen
1196 1439 1301 1481 satis
1345 1439 1461 1492 gravi
1506 1438 1677 1480 unicum
1719 1437 1825 1480 illud
1871 1438 2162 1481 testimonium
2207 1438 2348 1481 fulciri
2397 1443 2550 1493 potest.

710 1515 921 1558 Nimirum
952 1521 1179 1572 postquam
1209 1518 1326 1572 leges
1353 1516 1407 1561 M.
1438 1518 1615 1559 Antonii
1645 1517 1719 1567 ita,
1751 1517 1813 1559 uti
1843 1516 1993 1559 Cicero
2023 1517 2120 1560 Kal.
2151 1518 2240 1561 Ian.
2261 1517 2553 1573 postulaverat

704 1596 829 1651 (Phil.
861 1601 905 1648 5,
945 1602 990 1649 4,
1031 1599 1233 1651 10—12),
1282 1612 1426 1640 mense
1462 1596 1697 1640 Februario
1740 1597 2111 1640 senatusconsulto
2158 1597 2226 1640 vel
2278 1601 2553 1641 senatuscon-

706 1675 832 1717 sultis
864 1691 890 1718 a
921 1677 964 1719 C.
999 1677 1124 1718 Vibio
1155 1678 1297 1720 Pansa
1327 1678 1501 1720 consule
1532 1678 1656 1719 factis
1687 1677 1885 1719 sublatae
1916 1681 2012 1719 sunt
2054 1676 2125 1732 (cf.
2158 1676 2242 1719 Cic.
2274 1676 2382 1720 Phil.
2417 1680 2482 1727 12,
2509 1681 2551 1725 ,5,

708 1758 770 1797 12.
806 1759 870 1805 13,
905 1760 940 1805 3,
974 1759 1010 1798 5.
1047 1760 1108 1806 14,
1142 1760 1179 1803 2,
1212 1761 1249 1799 5.
1280 1756 1361 1798 Dio
1394 1756 1511 1799 Cass.
1542 1760 1608 1807 46,
1641 1756 1725 1810 36),
1757 1756 1898 1810 legem
1929 1756 1982 1798 de
2022 1755 2126 1798 actis
2163 1754 2361 1798 Caesaris
2401 1754 2551 1796 confir-

705 1833 870 1876 mandis
902 1833 945 1877 C.
977 1834 1124 1877 Vibius
1157 1834 1296 1878 Pansa
1325 1835 1473 1877 consul
1503 1849 1554 1876 ex
1585 1838 1759 1877 senatus
1788 1826 2052 1877 auctoritate
2083 1833 2262 1876 comitiis
2298 1832 2549 1889 centuriatis

703 1912 870 1954 laturus
902 1917 996 1955 erat
1032 1927 1082 1955 eo
1120 1917 1325 1967 tempore,
1363 1928 1447 1968 quo
1486 1913 1633 1955 Cicero
1671 1912 1908 1955 orationem
1947 1911 2227 1967 Philippicam
2266 1910 2471 1953 decimam
2509 1910 2550 1951 in

704 1995 854 2033 senatu
882 1991 1031 2034 habuit
1062 1991 1148 2047 (10,
1181 1998 1218 2044 8,
1253 1995 1336 2047 17),
1369 1996 1412 2035 61;
1440 1995 1590 2047 postea
1620 1993 1710 2034 sine
1749 1991 1876 2033 dubio
1916 1990 2093 2045 pertulit
2123 1989 2195 2046 (cf.
2228 1989 2312 2033 Cic.
2344 1988 2450 2031 Phil.
2489 1992 2550 2037 13,

708 2073 772 2120 15,
806 2070 892 2126 31).
953 2070 1135 2112 Senatus
1176 2071 1306 2125 igitur
1340 2085 1517 2125 prorsus
1558 2072 1618 2112 ita
1655 2074 1703 2112 ut
1739 2070 1934 2112 voluerat
1968 2069 2117 2111 Cicero
2148 2069 2241 2122 lege
2272 2070 2457 2111 Antonia
2497 2070 2549 2109 dc

703 2149 811 2191 actis
843 2148 1038 2191 Caesaris
1074 2149 1373 2192 confirmandis
1411 2149 1582 2192 sublata
1628 2148 1807 2191 eandem
1854 2150 1992 2203 legem
2032 2147 2084 2190 de
2119 2148 2286 2202 integro
2327 2146 2550 2189 ferendam

703 2240 797 2270 esse
829 2233 1066 2271 censuerat.

819 2306 900 2349 Vix
932 2313 1076 2349 autem
1106 2321 1266 2359 vereor,
1298 2322 1351 2350 ne
1382 2309 1475 2363 quis
1505 2307 1622 2349 aliud
1651 2306 1754 2362 legis
1793 2307 2003 2349 Antoniae
2039 2306 2082 2348 in
2120 2305 2358 2361 Philippica
2399 2305 2551 2360 quinta

703 2390 1064 2429 commemoratae
1095 2387 1386 2429 testimonium
1415 2388 1459 2429 in
1490 2386 1705 2429 Ciceronis
1737 2386 1922 2441 epistula
1951 2385 2006 2427 ad
2036 2386 2223 2427 Atticum
2249 2387 2311 2435 16,
2336 2387 2387 2426 16
2408 2384 2548 2425 inesse

702 2468 836 2520 putet.
894 2465 961 2508 Ibi
998 2466 1110 2508 enim
1153 2469 1328 2520 propter
1369 2478 1540 2508 causam
1585 2465 1853 2508 Buthrotiam
1904 2477 1991 2508 una
2038 2477 2134 2507 cum
2182 2462 2550 2506 senatusconsulto

701 2545 832 2587 tertio
864 2544 916 2587 de
947 2544 1054 2587 actis
1085 2543 1282 2587 Caesaris
1313 2544 1609 2587 confirmandis
1639 2544 1808 2599 saepius
1836 2543 1922 2599 (16,
1949 2545 2011 2595 16,
2043 2546 2080 2586 6.
2112 2544 2150 2584 8.
2185 2544 2249 2585 11.
2285 2544 2347 2584 12.
2382 2544 2446 2584 14.
2482 2544 2549 2593 18)

704 2623 876 2678 quidem
905 2622 977 2665 lex
1007 2622 1059 2664 de
1092 2622 1240 2665 eadem
1269 2623 1428 2666 relata
1463 2625 1832 2665 commemoratur.
1894 2621 1979 2664 Sed
2010 2634 2063 2664 ea
2099 2620 2169 2663 lex
2203 2634 2241 2663 a.
2273 2620 2314 2662 d.
2344 2619 2412 2662 111
2441 2620 2549 2662 Non.

704 2704 792 2746 Iun.
823 2702 915 2757 (sic,
945 2715 1032 2745 non
1063 2716 1101 2745 a.
1132 2701 1171 2745 d.
1203 2700 1264 2745 lv
1297 2702 1403 2744 Non.
1426 2702 1517 2746 Iun.
1546 2701 1773 2757 legendum
1804 2704 1870 2745 est
1909 2699 2023 2756 apud
2054 2699 2139 2743 Cic.
2170 2699 2228 2744 ad
2266 2699 2355 2742 Att.
2390 2701 2452 2749 16,
2486 2701 2550 2749 16,

705 2786 768 2834 11,
800 2781 1003 2836 quoniam
1033 2796 1072 2824 a.
1104 2780 1142 2824 d.
1173 2781 1234 2824 IV
1264 2782 1370 2825 Non.
1390 2780 1481 2824 Iun.
1510 2785 1576 2824 est
1606 2780 1696 2824 dies
1726 2777 1882 2835 fastus)
1912 2779 2004 2823 lata
2035 2793 2129 2830 esse
2150 2778 2338 2822 traditur
2367 2791 2415 2822 eo
2446 2781 2550 2821 tem-

701 2875 827 2915 pore,
866 2875 951 2915 quo
983 2860 1038 2903 M.
1068 2860 1280 2904 Antonius
1310 2862 1398 2905 iam
1427 2860 1653 2904 nonnullas
1681 2861 1798 2916 leges
1829 2863 1874 2904 et
1903 2859 2038 2902 multa
2067 2858 2241 2902 decreta
2270 2870 2323 2900 ex
2353 2855 2549 2901 Caesaris

701 2938 1017 2983 commentariis
1038 2939 1348 2995 publicaverat.
1388 2941 1449 2983 Ac
1478 2939 1669 2994 profecto
1699 2940 1806 2983 haec
1836 2939 1905 2982 lex
1936 2940 2026 2982 sine
2049 2938 2179 2981 dubio
2211 2940 2439 2992 propterea
2460 2936 2550 2980 lata

702 3024 783 3071 est,
826 3019 941 3074 quod
986 3019 1042 3062 M.
1080 3019 1288 3063 Antonius
1332 3019 1748 3063 senatusconsultum
1790 3019 1898 3063 illud
1935 3033 2020 3062 non
2070 3017 2374 3060 observaverat
2412 3029 2548 3070 neque
